2340 3796
897 285 1266 330 ARUNDINES
1306 286 1480 330 CAMI.

1026 556 1331 630 ῆβτεεεεῦετε.

353 732 369 756 ‘
388 725 414 778 I
443 745 580 790 PRAE,
605 743 736 797 pone
754 742 951 796 sequar,
973 723 1195 777 Domine
1214 723 1245 775 ε’
1291 731 1304 753 ‘
1320 723 1457 775 haud
1474 723 1757 793 praecedere
1773 741 1980 794 possum
1997 724 2028 776 ε’

351 824 412 882 ‘1
447 842 597 895 prece
631 829 685 877 te
719 824 885 896 rogito
904 824 935 876 ε’
974 831 987 853 ‘
1002 823 1194 876 foribus
1228 822 1350 894 quin
1382 823 1642 893 proximus
1674 823 1849 877 adstas
1873 824 1910 875 Γ

355 930 370 954 ⁴
385 923 425 976 J
427 943 519 977 uro
556 924 814 978 Phoebeos
849 924 1029 989 6111166,
1066 924 1195 995 pede
1229 924 1360 995 figor
1378 923 1408 975 z'
1454 931 1467 953 ‘
1482 930 1538 976 at
1571 923 1683 976 haec
1719 931 1799 977 est

353 1021 546 1076 Nostra
579 1023 776 1089 domus,
813 1030 993 1095 reputa
1011 1024 1043 1076 ι’
1089 1030 1102 1053 ⁶
1118 1022 1319 1077 veniam
1354 1023 1436 1087 da,
1474 1041 1577 1075 non
1611 1023 1747 1093 prior
1781 1023 1865 1077 ibo
1889 1024 1928 1076 !'

355 1128 369 1152 ⁶
388 1122 556 1190 Quam
590 1123 660 1176 sit
693 1123 998 1176 inurbanum
1032 1122 1165 1186 novi,
1202 1128 1259 1174 at
1293 1140 1470 1192 parere
1505 1140 1711 1175 necesse
1746 1130 1858 1184 est;

357 1221 534 1294 Longe
568 1222 717 1276 aliter
751 1223 1221 1294 facerem—precor
1258 1221 1304 1274 Ο
1341 1223 1614 1275 succumbe
1649 1222 1885 1295 roganti!

428 1322 528 1388 Ite,
563 1321 743 1394 praeite
776 1322 890 1375 aliis
923 1322 1026 1387 alii,
1064 1341 1154 1375 vos
1190 1328 1438 1394 quotquot
1472 1323 1539 1375 ab
1573 1323 1711 1388 urbe,

356 1421 617 1495 Armigeri
652 1429 902 1494 quotquot
937 1441 1171 1494 proceres
1207 1423 1271 1475 de
1305 1440 1454 1475 rure:
1495 1440 1590 1475 nec
1624 1422 1677 1475 id
1711 1423 1846 1495 quod

358 1522 577 1576 Pectore
611 1528 753 1575 amat
787 1528 916 1587 toto,
953 1522 1052 1575 sibi
1088 1522 1300 1594 quisque
1335 1540 1593 1575 assumere
1627 1522 1770 1576 nolit.

357 1621 487 1676 Vita
520 1621 687 1676 brevis
721 1622 854 1676 male
889 1641 946 1676 66
981 1623 1162 1677 vestris
1197 1623 1549 1677 accommodat
1583 1623 1723 1677 hisce

358 1723 606 1786 Usubus;
643 1723 730 1776 illa
763 1723 911 1796 fugit,
949 1724 1073 1776 dum
1108 1742 1199 1777 vos
1233 1723 1425 1776 ornatis
1459 1724 1527 1776 ad
1561 1742 1784 1796 unguem

359 1823 634 1878 Exhibitos
667 1842 851 1890 1110166,
889 1824 1064 1896 quales
1098 1825 1354 1878 docuisset
1388 1825 1573 1896 ineptae

359 1924 645 1979 Garrulitas
679 1925 822 1991 aviae,
859 1931 951 1978 aut
985 1925 1122 1979 balbi
1157 1932 1414 1996 praecepta
1449 1924 1689 1996 Bathylli.

355 2025 527 2097 Asper
560 2031 614 2079 et
647 2025 869 2079 incultus
902 2024 1071 2079 veniat
1106 2025 1236 2097 quis,
1273 2026 1342 2079 sit
1377 2025 1527 2078 simul
1562 2025 1698 2078 idem

362 2125 620 2191 EbrioluS,
656 2125 863 2198 paulum
897 2133 988 2178 aut
1023 2126 1248 2191 demens,
1287 2125 1374 2197 qui
1409 2126 1546 2179 calce
1580 2126 1745 2179 faceto

364 2225 576 2298 Urgens
609 2225 674 2278 de
708 2231 871 2297 tergo,
908 2224 1074 2278 scalas
1107 2224 1418 2277 abscondere
1453 2230 1622 2296 cogat.
1703 2261 1707 2265 -

437 2323 542 2377 Sed
576 2322 700 2395 quid
733 2341 831 2395 ego
860 2322 1029 2394 plura?
1092 2322 1178 2375 En
1211 2305 1399 2394 praesto
1433 2329 1539 2376 stat
1577 2323 1748 2376 Mors!
1787 2322 1885 2376 nisi
1921 2323 2071 2377 vultis

1040 2687 1348 2695 -—.—--

2099 2292 2102 2350 Ι

367 2424 468 2490 Ire,
503 2424 617 2478 haec
650 2423 899 2478 attonitos
932 2423 1198 2495 protrudet
1232 2430 1286 2476 et
1321 2423 1395 2476 ire
1429 2430 1691 2495 negantes,
1874 2437 2103 2663 Β,

2099 2665 2104 2892 ἱ

946 2890 1113 2950 Quas
1136 2888 1457 2963 tranquilla.

370 3066 546 3119 Luci-r
583 3067 735 3120 Anus
769 3068 864 3120 sub
900 3067 1024 3121 colle
1060 3068 1297 3121 domum:
1337 3069 1518 3122 domus
1553 3068 1638 3120 illa
1671 3074 1967 3131 morantem,

443 3167 501 3221 Si
537 3185 639 3221 non
674 3167 784 3239 ipsa
818 3170 984 3234 abeat,
1017 3171 1128 3241 jam
1164 3169 1403 3222 retinebit
1438 3187 1608 3221 anum.

1874 3254 1912 3287 r.
1936 3254 1984 3287 H.
