2340 3796
839 312 1207 356 ARUNDINES
1245 313 1420 357 CAMI.

805 566 1055 626 Quinam
1097 568 1151 625 iu
1193 568 1455 628 wantis.

436 710 672 778 anAM
710 710 764 762 in
798 709 1013 763 desertis
1048 709 1233 763 blanda
1267 729 1350 763 me
1386 729 1507 764 voce
1542 713 1770 783 rogabat,

508 816 522 840 ‘
540 809 714 882 Fraga
748 816 873 881 quot
906 810 960 862 in
995 809 1162 880 pelagi
1197 809 1436 863 fluctibus
1471 817 1583 862 orta
1618 818 1766 881 putes
1780 811 1820 863 3'

436 909 548 963 Nec
581 911 714 964 male
749 910 977 982 quaesitis
1011 910 1109 963 hoc
1144 911 1447 981 respondere
1483 911 1701 976 videbar,

507 1016 522 1040 ‘
539 1010 686 1064 Salsa
721 1018 845 1083 quot
879 1011 1077 1065 alecum
1111 1010 1268 1063 millia
1302 1011 1443 1082 sylva
1476 1011 1640 1063 ferat?

1757 1096 1795 1128 F.
1818 1094 1866 1128 H.

895 1462 1075 1542 §ulia
1118 1462 1361 1536 loquitur,

435 1614 640 1669 Nomm
676 1615 832 1679 vides,
881 1614 982 1668 leni
1018 1614 1105 1686 qui
1140 1614 1328 1667 labitur
1362 1614 1567 1687 agmine
1602 1615 1753 1680 riVuS,

435 1717 689 1788 Spumeus
723 1716 963 1780 exundat,
1001 1734 1145 1769 mora
1179 1716 1224 1769 si
1260 1735 1362 1788 qua
1396 1718 1620 1771 retardet
1656 1724 1894 1770 euntem:

437 1817 531 1872 Sin
563 1817 819 1888 placidum
852 1817 990 1870 nullo
1025 1817 1291 1888 perfecerit
1326 1817 1489 1888 objice
1525 1837 1743 1883 cursum,

437 1913 603 1968 Suave
637 1913 914 1967 renidentis
948 1932 1179 1966 murmur
1213 1932 1304 1985 per
1338 1914 1468 1968 levia
1502 1934 1671 1968 arenae

437 2014 577 2068 Saxa
611 2014 727 2079 ciet,
763 2013 1058 2094 lentumque
1093 2014 1212 2067 siler
1246 2014 1524 2086 mollesque
1559 2015 1802 2087 genistaS,

437 2114 548 2167 Vix
581 2115 709 2168 adeo
743 2114 899 2167 tactis
934 2113 1162 2167 delibans
1198 2115 1387 2179 oscula,
1421 2115 1632 2168 lambit?

436 2215 614 2287 Atque
648 2214 723 2268 ita
756 2233 848 2285 per
881 2214 1072 2268 multos
1106 2214 1366 2269 anfractus
1401 2215 1617 2268 flexibus
1653 2222 1805 2278 errat,

437 2314 512 2368 Et
545 2313 676 2367 ludit
708 2313 900 2379 ludum,
938 2313 1076 2366 nullo
1111 2314 1378 2378 retinente,
1415 2333 1699 2384 procacem,

437 2416 617 2470 Donec
651 2415 706 2468 in
739 2414 871 2468 irato
905 2415 1050 2485 ponti
1086 2433 1143 2468 se
1177 2414 1464 2468 immisceat
1499 2422 1647 2468 aestu.

437 2517 525 2572 Sic
558 2534 753 2588 precor,
791 2534 823 2568 o
857 2516 1016 2588 virgo,
1053 2515 1125 2568 nil
1159 2534 1243 2568 me
1278 2515 1545 2568 remoreris
1580 2518 1820 2567 euntem!

442 2616 582 2689 Ipsa,
619 2616 774 2682 sinas,
811 2616 1027 2670 referam
1064 2617 1338 2688 tranquilla
1373 2616 1574 2669 silentia
1609 2615 1732 2677 rivi;

438 2718 614 2790 Atque
647 2716 731 2770 via
764 2716 994 2788 quamvis
1029 2717 1242 2789 vestigia
1277 2717 1412 2770 fessa
1446 2734 1702 2787 reponam,

441 2818 538 2873 Ibo
571 2818 670 2872 iter
704 2824 758 2872 et
793 2818 928 2890 grati
963 2825 1245 2889 praetexam
1281 2819 1486 2871 nomine
1522 2817 1660 2877 ludi;

438 2919 620 2973 Donec
654 2919 710 2971 in
743 2926 972 2972 extremo
1009 2936 1161 2971 cursu
1189 2919 1301 2988 jam
1336 2918 1518 2970 reddar
1552 2916 1746 2969 amanti

442 3018 688 3084 Molliter,
723 3025 778 3071 et
811 3018 999 3071 blanda
1033 3018 1200 3089 potiar
1234 3024 1477 3071 contenta
1513 3016 1696 3087 quiete,

441 3117 608 3186 Quali,
645 3135 855 3188 operum
889 3117 1008 3170 vitae
1042 3117 1282 3189 longique
1317 3116 1486 3169 soluta
1521 3114 1722 3177 laboriS,

440 3218 642 3271 Umbra
675 3236 765 3289 per
802 3217 1006 3289 Elysios
1040 3217 1222 3270 fruitur
1256 3216 1366 3268 sine
1402 3216 1503 3267 fine
1539 3232 1784 3267 recessus,

1756 3313 1795 3346 C.
1821 3313 1862 3346 T.
1889 3313 1930 3346 B.
