2340 3796
855 330 1222 375 ARUNDINES
1258 331 1435 376 CAMI.

891 606 1132 676 muloti)
1178 607 1420 681 loquitur.

358 855 362 860 .
401 804 591 858 BELLA
629 805 832 876 placent
867 804 1045 858 nobis:
1099 806 1247 859 nobis
1281 824 1365 859 ars
1400 807 1550 860 unica
1586 807 1787 871 bellum,

402 921 512 975 Nec
547 921 716 993 plures
750 919 984 974 didicisse
1019 919 1162 974 volo:
1217 919 1399 990 quibus
1434 920 1573 985 utile,
1611 939 1776 975 caecas

400 1033 608 1088 Consilii
643 1035 886 1113 ambages
916 1035 1116 1106 jactent
1150 1041 1415 1106 artemque
1450 1042 1742 1107 sequantur.

399 1146 520 1200 Non
553 1147 652 1202 hoc
686 1147 788 1201 ista
822 1148 920 1201 sibi
955 1154 1159 1219 tempus
1193 1149 1454 1202 molimina
1489 1150 1685 1220 poscit3

400 1261 537 1315 Nam
571 1262 694 1315 dum
728 1262 940 1334 quisque
975 1263 1119 1317 dolos
1154 1264 1286 1317 texit
1320 1265 1458 1318 vafer
1492 1271 1646 1337 atque
1680 1267 1881 1332 retexit,

398 1374 516 1428 En!
571 1376 702 1430 coelo
736 1376 964 1449 profligae
999 1383 1141 1430 stant
1177 1377 1368 1431 circum
1402 1378 1538 1431 mille
1574 1379 1824 1445 cohortes,

397 1491 729 1564 Armatisque
764 1492 988 1546 fremunt
1023 1492 1233 1558 dextris),
1270 1499 1324 1546 et
1359 1493 1507 1565 signa
1541 1501 1814 1565 reposcunt

402 1603 694 1676 Expectata
728 1604 831 1671 diu,
869 1605 914 1661 si
950 1606 1152 1678 quando
1186 1605 1361 1659 limina
1396 1607 1513 1660 coeli

396 1719 699 1792 Aspiciant:
752 1720 915 1774 nostri
949 1720 1144 1774 interea
1178 1719 1439 1792 nigrantia
1469 1721 1630 1774 lustra

397 1834 616 1891 Sedibus
651 1834 842 1906 optatis
875 1833 1099 1905 foedique
1135 1833 1404 1904 opprobria
1439 1841 1652 1899 mutant,

395 1948 642 2014 Carceris,
679 1955 833 2021 atque
868 1947 954 2001 alii
988 1947 1198 2001 tradunt
1233 1965 1328 2000 sua
1362 1966 1520 2020 regna
1555 1950 1817 2004 morando.

394 2063 531 2133 Quin
564 2046 735 2136 potius
768 2063 989 2117 flammis
1026 2063 1184 2117 Erebi
1220 2082 1457 2135 caecoque
1493 2065 1660 2118 furore

393 2165 599 2233 Armati
635 2178 786 2232 simul
820 2178 1072 2242 irruimus,
1104 2196 1361 2249 cursuque
1396 2196 1487 2249 per
1521 2196 1671 2231 auras
1700 2224 1703 2227 .

394 2292 657 2365 Praecipiti
693 2310 920 2347 summas
955 2290 1071 2346 coeli
1106 2290 1452 2362 superavimus
1486 2309 1644 2356 arces,

394 2406 712 2480 Torquentes
746 2427 879 2463 nova
912 2409 1016 2462 tela
1050 2426 1221 2474 manu,
1258 2414 1615 2479 tormentaque
1650 2409 1717 2461 ab
1752 2408 1863 2478 ipso

392 2521 605 2587 Addita,
644 2528 698 2576 et
732 2522 787 2575 in
822 2522 1009 2576 coelum
1045 2522 1162 2576 coeli
1198 2522 1538 2576 convertimus
1573 2522 1692 2575 iras,

392 2635 589 2690 Audiet
623 2635 708 2690 ille
741 2654 892 2690 suum
926 2637 994 2690 ad
1028 2636 1219 2690 fulmen
1254 2637 1518 2691 reboantia
1552 2655 1711 2709 regna

394 2748 600 2803 Inferno
635 2749 846 2816 tonitru,
884 2769 979 2804 nec
1014 2757 1204 2804 nostrae
1238 2750 1440 2823 fulgura
1474 2757 1658 2803 turmae

393 2861 698 2926 Defuerint;
737 2870 884 2918 tanto
919 2864 1125 2918 fremitu
1160 2864 1299 2917 furor
1334 2870 1534 2917 evomet
1568 2870 1709 2917 atros

395 2975 539 3030 Inter
572 2977 828 3032 coelicolas
861 2979 1025 3052 ignes,
1064 2978 1346 3051 soliumque
1381 2978 1593 3050 replebit

396 3091 597 3146 Sulfure
633 3092 879 3149 Tartareo
914 3100 968 3148 et
1003 3094 1160 3165 piceae
1197 3094 1411 3166 caligine
1446 3093 1612 3158 nubis,

396 3204 740 3278 Effundetque
773 3182 932 3261 novas
966 3207 1216 3273 flammas,
1253 3207 1459 3261 inventa
1493 3205 1711 3278 tyranni.

1798 3287 1872 3326 *G.

1906 334 1991 377 223
