2340 3796
877 285 1242 331 ARUNDINES
1280 285 1455 330 CAMI.

757 500 938 562 ‘Ham
979 498 1163 558 meum
1204 499 1569 571 intsstptttatur.

621 667 738 720 Eoo
776 666 988 719 videbo!
1050 664 1165 735 Ego
1201 663 1476 734 aspiciam!

621 753 737 824 Ego
773 752 905 805 illius
939 768 1125 803 novero
1161 750 1358 812 faciem,

691 837 809 891 Non
843 854 994 901 nunc,
1029 842 1085 888 at
1120 835 1174 886 in
1209 841 1499 904 posterum:

621 922 780 976 Stella
812 923 878 976 de
912 921 1081 975 Jacob
1116 920 1284 973 radios
1319 919 1560 991 porriget,

620 1008 889 1078 Sceptrum
923 1006 978 1057 in
1012 1004 1246 1057 manibus
1285 1003 1444 1058 Israel
1479 1004 1641 1076 eriget

693 1093 758 1145 In
791 1098 1036 1145 terrorem
1071 1089 1328 1143 hostium!

622 1250 788 1304 Pellet
821 1268 855 1304 a
888 1250 1075 1303 finibus
1108 1250 1192 1304 hic
1232 1250 1535 1314 Moabitam,

623 1336 787 1389 Eruet
824 1336 1005 1389 Shethi
1042 1336 1248 1389 domum
1284 1335 1488 1396 avitam,

692 1421 1005 1493 Goelipotens
1042 1422 1318 1475 Lacertus:

624 1508 727 1561 Ibit
761 1514 815 1561 et
852 1507 1038 1561 Edomi
1074 1514 1218 1560 satur
1251 1506 1441 1577 spoliiS‚

624 1593 772 1646 Sheir
805 1601 860 1646 et
894 1594 1049 1646 addet
1083 1593 1207 1647 serti
1241 1593 1390 1654 foliis,

694 1680 853 1733 Israel
888 1680 1038 1751 ignea
1072 1680 1246 1733 virtus.

628 1858 813 1912 Victor
846 1878 879 1912 a
913 1859 1082 1912 Jacob
1118 1877 1238 1912 mox
1274 1858 1641 1914 dominabitur:

625 1945 753 1999 Neci
789 1945 922 2017 quod
957 1951 1187 2016 superest
1221 1944 1421 1997 urbium
1458 1944 1674 2007 dabitur,

697 2031 816 2084 Non
850 2030 1117 2084 immeritis
1152 2030 1378 2083 vicibus:

618 2117 809 2173 ,Fuerit
845 2117 1069 2170 Amalek
1102 2116 1334 2188 gentium
1368 2115 1546 2187 gloria,

630 2203 772 2258 Illius
806 2203 940 2257 illius
975 2203 1125 2257 cadet
1160 2202 1406 2256 memoria

698 2290 919 2344 Revulsa
953 2308 983 2343 e
1019 2289 1273 2343 radicibus
1295 2292 1306 2340 !

995 2558 1356 2568 ————-

1054 2759 1168 2827 ΑΜ.
1210 2755 1290 2824 ᾖ.

491 2939 612 2992 Oua
645 2937 774 2990 adeo
808 2937 955 2990 nobis
989 2935 1204 3008 fugitiva
1239 2936 1349 2987 haec
1385 2941 1522 2987 terra
1557 2931 1810 3002 placebit?

560 3023 664 3077 Gur
698 3021 872 3076 oculos
906 3021 1083 3074 humili
1119 3021 1324 3092 figimus
1358 3038 1518 3090 usque
1553 3018 1695 3071 solo!

492 3108 693 3162 Multus
726 3107 814 3160 ubi
850 3107 1076 3160 exoritur
1111 3107 1268 3168 dolor,
1307 3104 1649 3174 accrescitque
1684 3102 1875 3163 dolori3

562 3193 636 3247 Et
670 3192 909 3264 quicquid
943 3193 1127 3246 misero
1163 3193 1326 3245 rideat
1362 3192 1499 3255 orbe,
1536 3189 1701 3260 perit?

1813 3273 1851 3307 F.
1868 3272 1916 3306 H.
