2340 3796
849 273 1140 319 ARUNDIN
1144 276 1214 319 Es
1253 278 1425 323 CAMI.

799 497 1070 574 qfirntillus
1112 510 1158 558 et
1199 502 1428 563 finitus.
1515 549 1517 551 -

517 648 725 702 θαι-ΝΜ·
762 666 897 719 saepe
932 650 1068 720 apud
1102 650 1339 705 Atticum
1376 654 1655 709 Procillus:

518 747 629 801 Illic
663 748 780 801 vina
815 749 1069 820 dapesque
1103 757 1392 804 sumtuosas

515 848 734 911 Sorbet3
784 849 1010 902 versibus
1043 856 1099 902 at
1135 850 1240 903 suis
1275 851 1459 916 citatis,

515 944 692 999 Poscit
729 951 743 975 ‘
761 945 910 1017 Euge
944 943 1242 1018 ootpffisque'
1277 948 1556 1017 symbolam
1591 950 1792 1022 hospes,

515 1042 699 1116 Magni
733 1062 856 1098 sane
896 1045 1038 1110 emiS,
1082 1045 1129 1099 O
1173 1046 1404 1112 Procille‚
1441 1054 1671 1102 coenam!

1815 1159 1854 1194 F.
1886 1160 1942 1194 w,

943 1277 1267 1287 —

593 1429 789 1490 Natio
829 1432 950 1505 qum
993 1442 1152 1493 tetum
1195 1437 1337 1508 grube
1376 1439 1661 1500 comitatis.

372 1577 453 1632 Tu
488 1578 730 1633 Primam
769 1581 972 1636 incauto
1009 1583 1222 1637 nimium
1261 1586 1564 1659 propiusque
1598 1592 1777 1657 tuenti,

441 1677 626 1744 Laura,
668 1679 795 1733 mihi
831 1682 1006 1735 furtim
1047 1685 1346 1756 surripuisse
1387 1706 1584 1758 queror.

370 1776 482 1832 Nec
518 1784 693 1832 tamen
732 1780 831 1835 hoc
870 1782 1062 1837 furtum
1096 1784 1190 1838 tibi
1228 1786 1512 1841 condonare
1543 1807 1785 1857 recusem,

439 1877 497 1931 Si
532 1878 750 1949 pretium
785 1880 877 1934 tali
917 1882 1109 1936 solvere
1149 1902 1317 1938 merce
1351 1885 1491 1939 velis,

369 1976 474 2031 Sed
508 1996 610 2050 quo
646 1979 762 2050 plus
792 1981 1024 2035 candoris
1053 1982 1243 2037 habent
1277 1984 1371 2038 tibi
1410 1985 1538 2039 colla
1572 1988 1810 2055 Secundo,

439 2076 561 2132 Hoc
601 2078 695 2133 tibi
731 2079 847 2150 plus
884 2081 1125 2135 Primum
1159 2083 1358 2156 frigoris
1395 2084 1534 2140 intus
1569 2087 1740 2142 habet.

370 2176 518 2248 Saepe
556 2178 764 2233 sinistra
800 2198 924 2234 cava
964 2182 1198 2252 praedixit
1234 2185 1301 2237 ab
1339 2184 1451 2238 ilice
1498 2187 1701 2259 Totum⁴

438 2277 641 2344 Omina,
684 2287 738 2333 et
777 2281 995 2334 audaces
1034 2300 1153 2352 spes
1188 2290 1328 2338 vetat
1368 2304 1481 2340 esse
1517 2293 1671 2342 ratas.

1772 2387 1812 2420 R.
1838 2388 1877 2422 P.

955 2500 1274 2508 --—-————.——..-

906 2657 1065 2731 mint
1102 2660 1323 2733 {aetate

297 2810 312 2833 ‘
330 2801 484 2856 Hmc
508 2810 562 2858 et
583 2805 784 2872 abhinc,
813 2806 1015 2862 Hecate
1036 2809 1281 2864 !'—mala
1303 2829 1431 2865 anus
1454 2830 1559 2883 prae
1583 2812 1755 2866 limine
1778 2813 1973 2876 nictat3

274 2923 276 2926 ’
369 2901 550 2957 Sibilat
589 2903 770 2959 inferni
808 2907 1041 2962 conscius
1079 2908 1214 2982 ignis
1254 2911 1482 2982 adeps—

297 3007 312 3033 ‘
333 3001 453 3056 Sola
489 3003 627 3057 domi
663 3004 886 3062 invenies
922 3009 1155 3064 salientia
1192 3029 1338 3064 crura
1376 3012 1416 3065 J
1418 3013 1683 3067 oannae'—

370 3101 562 3174 Meque
596 3102 760 3174 ipsam
790 3113 844 3159 et
883 3114 1099 3162 matrem
1139 3128 1255 3177 cum
1296 3111 1524 3182 genitore
1554 3131 1737 3167 meam.

1700 3213 1748 3247 H.
1765 3214 1808 3247 D.
