<?xml version="1.0" encoding="UTF-8"?>
<!DOCTYPE html PUBLIC "-//W3C//DTD XHTML 1.0 Transitional//EN"
    "http://www.w3.org/TR/xhtml1/DTD/xhtml1-transitional.dtd">
<html xmlns="http://www.w3.org/1999/xhtml" xml:lang="en" lang="en">
 <head>
  <title>
</title>
<meta http-equiv="Content-Type" content="text/html;charset=utf-8" />
  <meta name='ocr-system' content='tesseract 3.04.00' />
  <meta name='ocr-capabilities' content='ocr_page ocr_carea ocr_par ocr_line ocrx_word'/>
</head>
<body>
  <div class='ocr_page' id='page_1' title='image "./arundinescamisiv00druruoft_0011.png"; bbox 0 0 2262 3782; ppageno 0'>
   <div class='ocr_carea' id='block_1_1' title="bbox 0 0 584 2376">
    <p class='ocr_par' dir='ltr' id='par_1_1' title="bbox 0 0 584 2376">
     <span class='ocr_line' id='line_1_1' title="bbox 0 0 584 2376; baseline 0 0"><span class='ocrx_word' id='word_1_1' title='bbox 0 0 584 2376; x_wconf 95' lang='lat' dir='ltr'> </span> 
     </span>
    </p>
   </div>
   <div class='ocr_carea' id='block_1_2' title="bbox 35 2834 123 2851">
    <p class='ocr_par' dir='ltr' id='par_1_2' title="bbox 35 2834 123 2851">
     <span class='ocr_line' id='line_1_2' title="bbox 35 2834 123 2851; baseline -0.011 0"><span class='ocrx_word' id='word_1_2' title='bbox 35 2834 123 2851; x_wconf 52' lang='lat'>......</span> 
     </span>
    </p>
   </div>
   <div class='ocr_carea' id='block_1_3' title="bbox 0 3146 163 3782">
    <p class='ocr_par' dir='ltr' id='par_1_3' title="bbox 0 3146 163 3782">
     <span class='ocr_line' id='line_1_3' title="bbox 0 3146 163 3782; baseline 0 0"><span class='ocrx_word' id='word_1_3' title='bbox 0 3146 163 3782; x_wconf 95' lang='lat' dir='ltr'> </span> 
     </span>
    </p>
   </div>
   <div class='ocr_carea' id='block_1_4' title="bbox 204 3308 404 3470">
    <p class='ocr_par' dir='ltr' id='par_1_4' title="bbox 204 3308 404 3470">
     <span class='ocr_line' id='line_1_4' title="bbox 204 3308 404 3470; baseline 0 0"><span class='ocrx_word' id='word_1_4' title='bbox 204 3308 404 3470; x_wconf 95' lang='lat' dir='ltr'>  </span> 
     </span>
    </p>
   </div>
   <div class='ocr_carea' id='block_1_5' title="bbox 943 600 1275 670">
    <p class='ocr_par' dir='ltr' id='par_1_5' title="bbox 943 600 1275 670">
     <span class='ocr_line' id='line_1_5' title="bbox 943 600 1275 670; baseline -0.012 -5"><span class='ocrx_word' id='word_1_5' title='bbox 943 602 1149 665; x_wconf 58' lang='lat' dir='ltr'>’statum</span> <span class='ocrx_word' id='word_1_6' title='bbox 1195 600 1275 670; x_wconf 54' lang='grc' dir='ltr'>ὦ,</span> 
     </span>
    </p>
   </div>
   <div class='ocr_carea' id='block_1_6' title="bbox 990 781 1197 789">
    <p class='ocr_par' dir='ltr' id='par_1_6' title="bbox 990 781 1197 789">
     <span class='ocr_line' id='line_1_6' title="bbox 990 781 1197 789; baseline -0.014 0"><span class='ocrx_word' id='word_1_7' title='bbox 990 781 1197 789; x_wconf 80' lang='lat'><em>.-——-—</em></span> 
     </span>
    </p>
   </div>
   <div class='ocr_carea' id='block_1_7' title="bbox 278 896 1945 1772">
    <p class='ocr_par' dir='ltr' id='par_1_7' title="bbox 280 896 1944 1373">
     <span class='ocr_line' id='line_1_7' title="bbox 584 896 1938 968; baseline -0.003 -15"><span class='ocrx_word' id='word_1_8' title='bbox 584 898 633 953; x_wconf 85' lang='lat' dir='ltr'><strong>E</strong></span> <span class='ocrx_word' id='word_1_9' title='bbox 663 896 875 962; x_wconf 87' lang='lat' dir='ltr'>mireris,</span> <span class='ocrx_word' id='word_1_10' title='bbox 911 897 1098 968; x_wconf 87' lang='lat' dir='ltr'>Lector</span> <span class='ocrx_word' id='word_1_11' title='bbox 1126 896 1338 962; x_wconf 90' lang='lat' dir='ltr'>erudite,</span> <span class='ocrx_word' id='word_1_12' title='bbox 1371 897 1506 968; x_wconf 92' lang='lat' dir='ltr'>quod</span> <span class='ocrx_word' id='word_1_13' title='bbox 1541 897 1596 949; x_wconf 92' lang='lat' dir='ltr'>in</span> <span class='ocrx_word' id='word_1_14' title='bbox 1629 914 1737 951; x_wconf 89' lang='lat' dir='ltr'>aevo</span> <span class='ocrx_word' id='word_1_15' title='bbox 1770 914 1938 950; x_wconf 91' lang='lat' dir='ltr'>rerum</span> 
     </span>
     <span class='ocr_line' id='line_1_8' title="bbox 434 992 1940 1070; baseline -0.001 -18"><span class='ocrx_word' id='word_1_16' title='bbox 434 1004 437 1013; x_wconf 82' lang='lat'><em>&#39;</em></span> <span class='ocrx_word' id='word_1_17' title='bbox 483 993 503 1015; x_wconf 71' lang='lat'>⁵</span> <span class='ocrx_word' id='word_1_18' title='bbox 540 992 548 1015; x_wconf 69' lang='lat'>³</span> <span class='ocrx_word' id='word_1_19' title='bbox 599 997 603 1002; x_wconf 77' lang='grc'><strong>’</strong></span> <span class='ocrx_word' id='word_1_20' title='bbox 659 997 860 1052; x_wconf 91' lang='lat' dir='ltr'>utilium</span> <span class='ocrx_word' id='word_1_21' title='bbox 899 997 1064 1070; x_wconf 87' lang='lat' dir='ltr'>magis</span> <span class='ocrx_word' id='word_1_22' title='bbox 1104 996 1293 1069; x_wconf 80' lang='lat' dir='ltr'>sagaci,</span> <span class='ocrx_word' id='word_1_23' title='bbox 1337 1015 1489 1068; x_wconf 92' lang='lat' dir='ltr'>quam</span> <span class='ocrx_word' id='word_1_24' title='bbox 1531 1003 1940 1051; x_wconf 88' lang='lat' dir='ltr'>ornamentorum</span> 
     </span>
     <span class='ocr_line' id='line_1_9' title="bbox 661 1097 1944 1170; baseline -0.001 -18"><span class='ocrx_word' id='word_1_25' title='bbox 661 1097 905 1163; x_wconf 89' lang='lat' dir='ltr'>studios0‚</span> <span class='ocrx_word' id='word_1_26' title='bbox 942 1115 1100 1151; x_wconf 89' lang='lat' dir='ltr'>novos</span> <span class='ocrx_word' id='word_1_27' title='bbox 1135 1097 1381 1170; x_wconf 91' lang='lat' dir='ltr'>quosdam</span> <span class='ocrx_word' id='word_1_28' title='bbox 1430 1103 1444 1127; x_wconf 89' lang='lat'>‘</span> <span class='ocrx_word' id='word_1_29' title='bbox 1458 1098 1727 1151; x_wconf 78' lang='lat' dir='ltr'><strong>Musarum</strong></span> <span class='ocrx_word' id='word_1_30' title='bbox 1765 1097 1944 1151; x_wconf 83' lang='lat' dir='ltr'>foetus&#39;</span> 
     </span>
     <span class='ocr_line' id='line_1_10' title="bbox 280 1197 1941 1270; baseline -0.001 -18"><span class='ocrx_word' id='word_1_31' title='bbox 280 1197 446 1252; x_wconf 83' lang='lat' dir='ltr'>ausim</span> <span class='ocrx_word' id='word_1_32' title='bbox 493 1216 804 1270; x_wconf 83' lang='lat' dir='ltr'>expromere,</span> <span class='ocrx_word' id='word_1_33' title='bbox 852 1198 906 1251; x_wconf 91' lang='lat' dir='ltr'>id</span> <span class='ocrx_word' id='word_1_34' title='bbox 956 1197 1244 1252; x_wconf 71' lang='lat' dir='ltr'><strong>accuratius</strong></span> <span class='ocrx_word' id='word_1_35' title='bbox 1303 1197 1503 1251; x_wconf 83' lang='lat' dir='ltr'>edoceri</span> <span class='ocrx_word' id='word_1_36' title='bbox 1562 1199 1780 1252; x_wconf 87' lang='lat' dir='ltr'>fortasse</span> <span class='ocrx_word' id='word_1_37' title='bbox 1837 1215 1941 1251; x_wconf 92' lang='lat' dir='ltr'>non</span> 
     </span>
     <span class='ocr_line' id='line_1_11' title="bbox 280 1298 591 1373; baseline 0 -21"><span class='ocrx_word' id='word_1_38' title='bbox 280 1298 591 1373; x_wconf 77' lang='lat' dir='ltr'>gravaberis,</span> 
     </span>
    </p>

    <p class='ocr_par' dir='ltr' id='par_1_8' title="bbox 278 1395 1945 1772">
     <span class='ocr_line' id='line_1_12' title="bbox 424 1395 1942 1469; baseline -0.002 -17"><span class='ocrx_word' id='word_1_39' title='bbox 424 1398 596 1467; x_wconf 78' lang='lat' dir='ltr'>Quum</span> <span class='ocrx_word' id='word_1_40' title='bbox 622 1399 749 1469; x_wconf 87' lang='lat' dir='ltr'>jam,</span> <span class='ocrx_word' id='word_1_41' title='bbox 788 1399 856 1452; x_wconf 88' lang='lat' dir='ltr'>ad</span> <span class='ocrx_word' id='word_1_42' title='bbox 884 1417 1032 1453; x_wconf 85' lang='lat' dir='ltr'>curas</span> <span class='ocrx_word' id='word_1_43' title='bbox 1062 1398 1341 1453; x_wconf 81' lang='lat' dir='ltr'>sanctiores</span> <span class='ocrx_word' id='word_1_44' title='bbox 1378 1403 1602 1462; x_wconf 89' lang='lat' dir='ltr'>vocatus,</span> <span class='ocrx_word' id='word_1_45' title='bbox 1642 1397 1709 1450; x_wconf 92' lang='lat' dir='ltr'>ab</span> <span class='ocrx_word' id='word_1_46' title='bbox 1740 1395 1942 1450; x_wconf 89' lang='lat' dir='ltr'>Acade-</span> 
     </span>
     <span class='ocr_line' id='line_1_13' title="bbox 278 1497 1944 1568; baseline -0.002 -16"><span class='ocrx_word' id='word_1_47' title='bbox 278 1497 386 1552; x_wconf 86' lang='lat' dir='ltr'>mia</span> <span class='ocrx_word' id='word_1_48' title='bbox 436 1504 614 1552; x_wconf 87' lang='lat' dir='ltr'>nostra</span> <span class='ocrx_word' id='word_1_49' title='bbox 667 1498 1013 1564; x_wconf 82' lang='lat' dir='ltr'>decessissem,</span> <span class='ocrx_word' id='word_1_50' title='bbox 1062 1499 1202 1552; x_wconf 88' lang='lat' dir='ltr'>venit</span> <span class='ocrx_word' id='word_1_51' title='bbox 1254 1498 1380 1551; x_wconf 92' lang='lat' dir='ltr'>mihi</span> <span class='ocrx_word' id='word_1_52' title='bbox 1432 1497 1487 1550; x_wconf 93' lang='lat' dir='ltr'>in</span> <span class='ocrx_word' id='word_1_53' title='bbox 1540 1502 1779 1561; x_wconf 86' lang='lat' dir='ltr'>mentem,</span> <span class='ocrx_word' id='word_1_54' title='bbox 1829 1513 1944 1568; x_wconf 88' lang='lat' dir='ltr'>quae</span> 
     </span>
     <span class='ocr_line' id='line_1_14' title="bbox 282 1596 1945 1664; baseline -0.002 -12"><span class='ocrx_word' id='word_1_55' title='bbox 282 1597 478 1652; x_wconf 85' lang='lat' dir='ltr'>calamo</span> <span class='ocrx_word' id='word_1_56' title='bbox 521 1598 704 1653; x_wconf 78' lang='lat' dir='ltr'>Graeco</span> <span class='ocrx_word' id='word_1_57' title='bbox 746 1605 837 1652; x_wconf 92' lang='lat' dir='ltr'>aut</span> <span class='ocrx_word' id='word_1_58' title='bbox 877 1599 1063 1652; x_wconf 89' lang='lat' dir='ltr'>Latino</span> <span class='ocrx_word' id='word_1_59' title='bbox 1108 1598 1357 1664; x_wconf 89' lang='lat' dir='ltr'>lusissem,</span> <span class='ocrx_word' id='word_1_60' title='bbox 1396 1597 1672 1652; x_wconf 85' lang='lat' dir='ltr'>subsecivis</span> <span class='ocrx_word' id='word_1_61' title='bbox 1708 1596 1847 1651; x_wconf 91' lang='lat' dir='ltr'>horis</span> <span class='ocrx_word' id='word_1_62' title='bbox 1890 1597 1945 1650; x_wconf 91' lang='lat' dir='ltr'>in</span> 
     </span>
     <span class='ocr_line' id='line_1_15' title="bbox 280 1697 1944 1772; baseline -0.002 -20"><span class='ocrx_word' id='word_1_63' title='bbox 280 1697 575 1752; x_wconf 82' lang='lat' dir='ltr'>fasciculum</span> <span class='ocrx_word' id='word_1_64' title='bbox 614 1717 772 1752; x_wconf 87' lang='lat' dir='ltr'>unum</span> <span class='ocrx_word' id='word_1_65' title='bbox 800 1699 1052 1772; x_wconf 89' lang='lat' dir='ltr'>colligere.</span> <span class='ocrx_word' id='word_1_66' title='bbox 1139 1698 1262 1753; x_wconf 94' lang='lat' dir='ltr'>Huc</span> <span class='ocrx_word' id='word_1_67' title='bbox 1290 1717 1548 1752; x_wconf 84' lang='lat' dir='ltr'>accessere</span> <span class='ocrx_word' id='word_1_68' title='bbox 1580 1698 1814 1770; x_wconf 85' lang='lat' dir='ltr'>quaedam</span> <span class='ocrx_word' id='word_1_69' title='bbox 1841 1714 1944 1750; x_wconf 91' lang='lat' dir='ltr'>non</span> 
     </span>
    </p>
   </div>
   <div class='ocr_carea' id='block_1_8' title="bbox 216 1797 1943 1870">
    <p class='ocr_par' dir='ltr' id='par_1_9' title="bbox 216 1797 1943 1870">
     <span class='ocr_line' id='line_1_16' title="bbox 216 1797 1943 1870; baseline 0 -18"><span class='ocrx_word' id='word_1_70' title='bbox 216 1803 220 1807; x_wconf 83' lang='lat'>&#39;</span> <span class='ocrx_word' id='word_1_71' title='bbox 281 1797 562 1852; x_wconf 87' lang='lat' dir='ltr'>invenustae</span> <span class='ocrx_word' id='word_1_72' title='bbox 615 1798 930 1870; x_wconf 90' lang='lat' dir='ltr'>prolusiones</span> <span class='ocrx_word' id='word_1_73' title='bbox 983 1817 1159 1851; x_wconf 92' lang='lat' dir='ltr'>eorum</span> <span class='ocrx_word' id='word_1_74' title='bbox 1205 1798 1509 1870; x_wconf 90' lang='lat' dir='ltr'>quibuscum</span> <span class='ocrx_word' id='word_1_75' title='bbox 1557 1798 1943 1852; x_wconf 86' lang='lat' dir='ltr'>familiarissime</span> 
     </span>
    </p>
   </div>
   <div class='ocr_carea' id='block_1_9' title="bbox 280 1898 2025 2568">
    <p class='ocr_par' dir='ltr' id='par_1_10' title="bbox 280 1898 2025 2568">
     <span class='ocr_line' id='line_1_17' title="bbox 281 1898 1941 1969; baseline -0.001 -18"><span class='ocrx_word' id='word_1_76' title='bbox 281 1903 511 1952; x_wconf 88' lang='lat' dir='ltr'>versatus</span> <span class='ocrx_word' id='word_1_77' title='bbox 539 1916 686 1960; x_wconf 87' lang='lat' dir='ltr'>sum;</span> <span class='ocrx_word' id='word_1_78' title='bbox 719 1915 879 1969; x_wconf 90' lang='lat' dir='ltr'>eaque</span> <span class='ocrx_word' id='word_1_79' title='bbox 907 1898 1078 1951; x_wconf 90' lang='lat' dir='ltr'>omnia</span> <span class='ocrx_word' id='word_1_80' title='bbox 1106 1898 1290 1952; x_wconf 86' lang='lat' dir='ltr'>collata</span> <span class='ocrx_word' id='word_1_81' title='bbox 1317 1898 1525 1952; x_wconf 87' lang='lat' dir='ltr'>tandem</span> <span class='ocrx_word' id='word_1_82' title='bbox 1553 1904 1606 1952; x_wconf 92' lang='lat' dir='ltr'>et</span> <span class='ocrx_word' id='word_1_83' title='bbox 1634 1903 1941 1969; x_wconf 87' lang='lat' dir='ltr'>comparata,</span> 
     </span>
     <span class='ocr_line' id='line_1_18' title="bbox 281 1993 1944 2069; baseline 0.001 -19"><span class='ocrx_word' id='word_1_84' title='bbox 281 1995 357 2051; x_wconf 81' lang='lat' dir='ltr'>ita</span> <span class='ocrx_word' id='word_1_85' title='bbox 391 1996 519 2053; x_wconf 81' lang='lat' dir='ltr'>mihi</span> <span class='ocrx_word' id='word_1_86' title='bbox 554 1997 863 2062; x_wconf 79' lang='lat' dir='ltr'>arridebant,</span> <span class='ocrx_word' id='word_1_87' title='bbox 902 2003 961 2050; x_wconf 93' lang='lat' dir='ltr'>ut</span> <span class='ocrx_word' id='word_1_88' title='bbox 999 1997 1158 2051; x_wconf 92' lang='lat' dir='ltr'>oculis</span> <span class='ocrx_word' id='word_1_89' title='bbox 1195 1997 1389 2052; x_wconf 89' lang='lat' dir='ltr'>viderer</span> <span class='ocrx_word' id='word_1_90' title='bbox 1430 1993 1660 2068; x_wconf 76' lang='lat' dir='ltr'>&#39;paternis</span> <span class='ocrx_word' id='word_1_91' title='bbox 1699 2003 1944 2069; x_wconf 87' lang='lat' dir='ltr'>tanquam</span> 
     </span>
     <span class='ocr_line' id='line_1_19' title="bbox 280 2096 1943 2167; baseline 0 -17"><span class='ocrx_word' id='word_1_92' title='bbox 280 2096 462 2150; x_wconf 87' lang='lat' dir='ltr'>filiolos</span> <span class='ocrx_word' id='word_1_93' title='bbox 497 2115 639 2151; x_wconf 92' lang='lat' dir='ltr'>meos</span> <span class='ocrx_word' id='word_1_94' title='bbox 666 2096 881 2159; x_wconf 81' lang='lat' dir='ltr'>intueri3</span> <span class='ocrx_word' id='word_1_95' title='bbox 927 2096 1132 2150; x_wconf 91' lang='lat' dir='ltr'>intuens</span> <span class='ocrx_word' id='word_1_96' title='bbox 1171 2101 1360 2162; x_wconf 89' lang='lat' dir='ltr'>autem,</span> <span class='ocrx_word' id='word_1_97' title='bbox 1393 2114 1516 2150; x_wconf 89' lang='lat' dir='ltr'>mox</span> <span class='ocrx_word' id='word_1_98' title='bbox 1553 2114 1788 2167; x_wconf 89' lang='lat' dir='ltr'>cuperem</span> <span class='ocrx_word' id='word_1_99' title='bbox 1825 2115 1943 2150; x_wconf 91' lang='lat' dir='ltr'>ocu-</span> 
     </span>
     <span class='ocr_line' id='line_1_20' title="bbox 281 2195 1945 2263; baseline 0 -14"><span class='ocrx_word' id='word_1_100' title='bbox 281 2195 361 2253; x_wconf 84' lang='lat' dir='ltr'>los</span> <span class='ocrx_word' id='word_1_101' title='bbox 405 2196 633 2263; x_wconf 88' lang='lat' dir='ltr'>omnium</span> <span class='ocrx_word' id='word_1_102' title='bbox 686 2196 950 2250; x_wconf 89' lang='lat' dir='ltr'>hominum</span> <span class='ocrx_word' id='word_1_103' title='bbox 1001 2196 1069 2249; x_wconf 89' lang='lat' dir='ltr'>ad</span> <span class='ocrx_word' id='word_1_104' title='bbox 1120 2196 1326 2250; x_wconf 88' lang='lat' dir='ltr'>eosdem</span> <span class='ocrx_word' id='word_1_105' title='bbox 1371 2196 1589 2251; x_wconf 89' lang='lat' dir='ltr'>allicere.</span> <span class='ocrx_word' id='word_1_106' title='bbox 1675 2196 1945 2261; x_wconf 78' lang='lat' dir='ltr'>Gaeterum,</span> 
     </span>
     <span class='ocr_line' id='line_1_21' title="bbox 281 2293 1946 2369; baseline 0.001 -20"><span class='ocrx_word' id='word_1_107' title='bbox 281 2293 364 2349; x_wconf 78' lang='lat' dir='ltr'>his</span> <span class='ocrx_word' id='word_1_108' title='bbox 398 2294 606 2349; x_wconf 85' lang='lat' dir='ltr'>vixdum</span> <span class='ocrx_word' id='word_1_109' title='bbox 645 2295 922 2366; x_wconf 89' lang='lat' dir='ltr'>perpensis,</span> <span class='ocrx_word' id='word_1_110' title='bbox 961 2301 1113 2367; x_wconf 90' lang='lat' dir='ltr'>prout</span> <span class='ocrx_word' id='word_1_111' title='bbox 1154 2295 1370 2367; x_wconf 89' lang='lat' dir='ltr'>plurima</span> <span class='ocrx_word' id='word_1_112' title='bbox 1406 2296 1538 2350; x_wconf 90' lang='lat' dir='ltr'>vires</span> <span class='ocrx_word' id='word_1_113' title='bbox 1575 2297 1740 2351; x_wconf 90' lang='lat' dir='ltr'>eundo</span> <span class='ocrx_word' id='word_1_114' title='bbox 1776 2297 1946 2369; x_wconf 90' lang='lat' dir='ltr'>acqui-</span> 
     </span>
     <span class='ocr_line' id='line_1_22' title="bbox 281 2395 1948 2470; baseline 0.002 -21"><span class='ocrx_word' id='word_1_115' title='bbox 281 2401 418 2461; x_wconf 87' lang='lat' dir='ltr'>runt,</span> <span class='ocrx_word' id='word_1_116' title='bbox 443 2413 558 2467; x_wconf 81' lang='lat' dir='ltr'>quae</span> <span class='ocrx_word' id='word_1_117' title='bbox 589 2395 938 2461; x_wconf 87' lang='lat' dir='ltr'>somniassem,</span> <span class='ocrx_word' id='word_1_118' title='bbox 971 2395 1083 2450; x_wconf 89' lang='lat' dir='ltr'>aliis</span> <span class='ocrx_word' id='word_1_119' title='bbox 1114 2396 1416 2468; x_wconf 91' lang='lat' dir='ltr'>quibusdam</span> <span class='ocrx_word' id='word_1_120' title='bbox 1448 2397 1948 2470; x_wconf 80' lang='lat' dir='ltr'>Gantabrigiensibus</span> 
     </span>
     <span class='ocr_line' id='line_1_23' title="bbox 283 2478 2025 2568; baseline 0.002 -19"><span class='ocrx_word' id='word_1_121' title='bbox 283 2491 574 2568; x_wconf 83' lang='lat' dir='ltr'>impertitus</span> <span class='ocrx_word' id='word_1_122' title='bbox 612 2513 744 2561; x_wconf 88' lang='lat' dir='ltr'>sum,</span> <span class='ocrx_word' id='word_1_123' title='bbox 787 2501 842 2550; x_wconf 90' lang='lat' dir='ltr'>et</span> <span class='ocrx_word' id='word_1_124' title='bbox 877 2496 1124 2567; x_wconf 88' lang='lat' dir='ltr'>paulatim</span> <span class='ocrx_word' id='word_1_125' title='bbox 1171 2497 1361 2551; x_wconf 85' lang='lat' dir='ltr'>auxilia</span> <span class='ocrx_word' id='word_1_126' title='bbox 1406 2497 1461 2550; x_wconf 89' lang='lat' dir='ltr'>in</span> <span class='ocrx_word' id='word_1_127' title='bbox 1506 2516 1562 2551; x_wconf 91' lang='lat' dir='ltr'>re</span> <span class='ocrx_word' id='word_1_128' title='bbox 1608 2478 1948 2552; x_wconf 87' lang='lat' dir='ltr'>audacissima</span> <span class='ocrx_word' id='word_1_129' title='bbox 2024 2550 2025 2554; x_wconf 74' lang='grc'>,</span> 
     </span>
    </p>
   </div>
   <div class='ocr_carea' id='block_1_10' title="bbox 124 2595 1948 2674">
    <p class='ocr_par' dir='ltr' id='par_1_11' title="bbox 124 2595 1948 2674">
     <span class='ocr_line' id='line_1_24' title="bbox 124 2595 1948 2674; baseline 0.001 -24"><span class='ocrx_word' id='word_1_130' title='bbox 124 2643 134 2650; x_wconf 94' lang='grc'>.</span> <span class='ocrx_word' id='word_1_131' title='bbox 216 2668 222 2674; x_wconf 22' lang='lat'><em>⁶</em></span> <span class='ocrx_word' id='word_1_132' title='bbox 287 2595 535 2653; x_wconf 81' lang='lat' dir='ltr'>contraxi.</span> <span class='ocrx_word' id='word_1_133' title='bbox 625 2596 809 2668; x_wconf 86' lang='lat' dir='ltr'>Itaque</span> <span class='ocrx_word' id='word_1_134' title='bbox 857 2596 997 2651; x_wconf 91' lang='lat' dir='ltr'>brevi</span> <span class='ocrx_word' id='word_1_135' title='bbox 1045 2602 1273 2667; x_wconf 89' lang='lat' dir='ltr'>tempore</span> <span class='ocrx_word' id='word_1_136' title='bbox 1325 2597 1463 2650; x_wconf 88' lang='lat' dir='ltr'>haud</span> <span class='ocrx_word' id='word_1_137' title='bbox 1509 2598 1616 2652; x_wconf 91' lang='lat' dir='ltr'>scio</span> <span class='ocrx_word' id='word_1_138' title='bbox 1662 2616 1732 2653; x_wconf 87' lang='lat' dir='ltr'>an</span> <span class='ocrx_word' id='word_1_139' title='bbox 1777 2602 1948 2652; x_wconf 89' lang='lat' dir='ltr'>omnia</span> 
     </span>
    </p>
   </div>
   <div class='ocr_carea' id='block_1_11' title="bbox 287 2693 1950 2752">
    <p class='ocr_par' dir='ltr' id='par_1_12' title="bbox 287 2693 1950 2752">
     <span class='ocr_line' id='line_1_25' title="bbox 287 2693 1950 2752; baseline 0.002 -4"><span class='ocrx_word' id='word_1_140' title='bbox 287 2693 554 2749; x_wconf 89' lang='lat' dir='ltr'>Nasonum</span> <span class='ocrx_word' id='word_1_141' title='bbox 591 2701 645 2750; x_wconf 90' lang='lat' dir='ltr'>et</span> <span class='ocrx_word' id='word_1_142' title='bbox 683 2696 959 2751; x_wconf 87' lang='lat' dir='ltr'>Maronum</span> <span class='ocrx_word' id='word_1_143' title='bbox 996 2703 1049 2751; x_wconf 92' lang='lat' dir='ltr'>et</span> <span class='ocrx_word' id='word_1_144' title='bbox 1090 2697 1367 2751; x_wconf 89' lang='lat' dir='ltr'>Poetarum</span> <span class='ocrx_word' id='word_1_145' title='bbox 1408 2697 1734 2752; x_wconf 90' lang='lat' dir='ltr'>Scenicorum</span> <span class='ocrx_word' id='word_1_146' title='bbox 1765 2697 1950 2752; x_wconf 88' lang='lat' dir='ltr'>scrinia</span> 
     </span>
    </p>
   </div>
   <div class='ocr_carea' id='block_1_12' title="bbox 285 2794 1948 2870">
    <p class='ocr_par' dir='ltr' id='par_1_13' title="bbox 285 2794 1948 2870">
     <span class='ocr_line' id='line_1_26' title="bbox 285 2794 1948 2870; baseline 0.002 -22"><span class='ocrx_word' id='word_1_147' title='bbox 285 2794 341 2848; x_wconf 88' lang='lat' dir='ltr'>in</span> <span class='ocrx_word' id='word_1_148' title='bbox 379 2813 564 2850; x_wconf 84' lang='lat' dir='ltr'>manus</span> <span class='ocrx_word' id='word_1_149' title='bbox 600 2813 743 2850; x_wconf 87' lang='lat' dir='ltr'>meas</span> <span class='ocrx_word' id='word_1_150' title='bbox 773 2797 960 2851; x_wconf 86' lang='lat' dir='ltr'>fuerint</span> <span class='ocrx_word' id='word_1_151' title='bbox 997 2798 1189 2861; x_wconf 79' lang='lat' dir='ltr'>effusa3</span> <span class='ocrx_word' id='word_1_152' title='bbox 1229 2804 1366 2852; x_wconf 89' lang='lat' dir='ltr'>certe</span> <span class='ocrx_word' id='word_1_153' title='bbox 1394 2817 1456 2852; x_wconf 91' lang='lat' dir='ltr'>ea</span> <span class='ocrx_word' id='word_1_154' title='bbox 1494 2798 1699 2870; x_wconf 90' lang='lat' dir='ltr'>quidem</span> <span class='ocrx_word' id='word_1_155' title='bbox 1725 2799 1948 2852; x_wconf 87' lang='lat' dir='ltr'>abunda—</span> 
     </span>
    </p>
   </div>
   <div class='ocr_carea' id='block_1_13' title="bbox 285 2895 1948 3076">
    <p class='ocr_par' dir='ltr' id='par_1_14' title="bbox 285 2895 1948 3076">
     <span class='ocr_line' id='line_1_27' title="bbox 285 2895 1946 2964; baseline 0 -12"><span class='ocrx_word' id='word_1_156' title='bbox 285 2895 378 2953; x_wconf 75' lang='lat' dir='ltr'>hat</span> <span class='ocrx_word' id='word_1_157' title='bbox 407 2895 753 2951; x_wconf 86' lang='lat' dir='ltr'>munificentia</span> <span class='ocrx_word' id='word_1_158' title='bbox 783 2903 956 2952; x_wconf 87' lang='lat' dir='ltr'>vatum</span> <span class='ocrx_word' id='word_1_159' title='bbox 991 2903 1046 2951; x_wconf 90' lang='lat' dir='ltr'>et</span> <span class='ocrx_word' id='word_1_160' title='bbox 1080 2898 1265 2952; x_wconf 82' lang='lat' dir='ltr'>Latine</span> <span class='ocrx_word' id='word_1_161' title='bbox 1303 2905 1357 2952; x_wconf 93' lang='lat' dir='ltr'>et</span> <span class='ocrx_word' id='word_1_162' title='bbox 1390 2898 1569 2952; x_wconf 87' lang='lat' dir='ltr'>Attice</span> <span class='ocrx_word' id='word_1_163' title='bbox 1599 2898 1946 2964; x_wconf 90' lang='lat' dir='ltr'>scribentium,</span> 
     </span>
     <span class='ocr_line' id='line_1_28' title="bbox 286 3001 1948 3076; baseline 0.001 -21"><span class='ocrx_word' id='word_1_164' title='bbox 286 3007 347 3056; x_wconf 79' lang='lat' dir='ltr'>nt</span> <span class='ocrx_word' id='word_1_165' title='bbox 382 3001 437 3055; x_wconf 86' lang='lat' dir='ltr'>in</span> <span class='ocrx_word' id='word_1_166' title='bbox 478 3001 737 3076; x_wconf 84' lang='lat' dir='ltr'>seligendo</span> <span class='ocrx_word' id='word_1_167' title='bbox 766 3001 933 3075; x_wconf 86' lang='lat' dir='ltr'>magis</span> <span class='ocrx_word' id='word_1_168' title='bbox 964 3020 1119 3074; x_wconf 92' lang='lat' dir='ltr'>quam</span> <span class='ocrx_word' id='word_1_169' title='bbox 1149 3003 1204 3055; x_wconf 94' lang='lat' dir='ltr'>in</span> <span class='ocrx_word' id='word_1_170' title='bbox 1232 3002 1513 3074; x_wconf 84' lang='lat' dir='ltr'>colligendo</span> <span class='ocrx_word' id='word_1_171' title='bbox 1550 3021 1779 3057; x_wconf 89' lang='lat' dir='ltr'>summus</span> <span class='ocrx_word' id='word_1_172' title='bbox 1806 3004 1948 3058; x_wconf 90' lang='lat' dir='ltr'>labor</span> 
     </span>
    </p>
   </div>
   <div class='ocr_carea' id='block_1_14' title="bbox 220 3107 576 3174">
    <p class='ocr_par' dir='ltr' id='par_1_15' title="bbox 220 3107 576 3174">
     <span class='ocr_line' id='line_1_29' title="bbox 220 3107 576 3174; baseline 0.003 -19"><span class='ocrx_word' id='word_1_173' title='bbox 220 3113 223 3116; x_wconf 73' lang='grc'>’</span> <span class='ocrx_word' id='word_1_174' title='bbox 288 3107 576 3174; x_wconf 88' lang='lat' dir='ltr'>poneretur.</span> 
     </span>
    </p>
   </div>
   <div class='ocr_carea' id='block_1_15' title="bbox 290 3200 1948 3375">
    <p class='ocr_par' dir='ltr' id='par_1_16' title="bbox 290 3200 1948 3375">
     <span class='ocr_line' id='line_1_30' title="bbox 432 3200 1947 3276; baseline 0.003 -22"><span class='ocrx_word' id='word_1_175' title='bbox 432 3200 577 3255; x_wconf 90' lang='lat' dir='ltr'>Inter</span> <span class='ocrx_word' id='word_1_176' title='bbox 626 3201 722 3255; x_wconf 84' lang='lat' dir='ltr'>has</span> <span class='ocrx_word' id='word_1_177' title='bbox 769 3219 908 3273; x_wconf 76' lang='lat' dir='ltr'>OPeS,</span> <span class='ocrx_word' id='word_1_178' title='bbox 956 3202 1159 3273; x_wconf 91' lang='lat' dir='ltr'>plurimi</span> <span class='ocrx_word' id='word_1_179' title='bbox 1205 3203 1455 3256; x_wconf 81' lang='lat' dir='ltr'>faciebam</span> <span class='ocrx_word' id='word_1_180' title='bbox 1513 3222 1824 3276; x_wconf 74' lang='lat' dir='ltr'>quaecunque</span> <span class='ocrx_word' id='word_1_181' title='bbox 1882 3204 1947 3257; x_wconf 90' lang='lat' dir='ltr'>de</span> 
     </span>
     <span class='ocr_line' id='line_1_31' title="bbox 290 3300 1948 3375; baseline 0 -19"><span class='ocrx_word' id='word_1_182' title='bbox 290 3300 460 3356; x_wconf 83' lang='lat' dir='ltr'>Musis</span> <span class='ocrx_word' id='word_1_183' title='bbox 493 3301 807 3355; x_wconf 88' lang='lat' dir='ltr'>nostratibus</span> <span class='ocrx_word' id='word_1_184' title='bbox 841 3300 1026 3355; x_wconf 88' lang='lat' dir='ltr'>Latine</span> <span class='ocrx_word' id='word_1_185' title='bbox 1057 3320 1298 3356; x_wconf 90' lang='lat' dir='ltr'>conversa</span> <span class='ocrx_word' id='word_1_186' title='bbox 1335 3303 1630 3373; x_wconf 88' lang='lat' dir='ltr'>acciperem,</span> <span class='ocrx_word' id='word_1_187' title='bbox 1670 3304 1948 3375; x_wconf 89' lang='lat' dir='ltr'>eademque</span> 
     </span>
    </p>
   </div>
   <div class='ocr_carea' id='block_1_16' title="bbox 168 3478 404 3508">
    <p class='ocr_par' dir='ltr' id='par_1_17' title="bbox 168 3478 404 3508">
     <span class='ocr_line' id='line_1_32' title="bbox 168 3478 404 3508; baseline 0 274"><span class='ocrx_word' id='word_1_188' title='bbox 168 3478 404 3508; x_wconf 95' lang='lat' dir='ltr'> </span> 
     </span>
    </p>
   </div>
  </div>
 </body>
</html>
