2262 3782
938 293 1303 339 ARUNDINES
1341 297 1516 342 CAMI.

924 556 1209 632 {Halmium
1254 558 1516 618 &lanula

461 721 512 774 N
516 739 586 774 oN
625 720 736 785 tibi,
774 739 893 774 cum
928 727 1103 775 tantas
1137 722 1351 776 auderes
1385 723 1561 776 tollere
1595 725 1770 789 moles,

383 910 387 914 .
459 842 752 896 Submisere
786 843 959 895 trabes
993 842 1149 907 silvae,
1187 862 1291 896 non
1325 845 1511 898 hausta
1543 845 1760 898 metallis

457 963 598 1018 Saxa
631 982 726 1018 nec
762 963 960 1017 effossae
995 982 1197 1018 crevere
1232 965 1286 1017 in
1320 966 1510 1019 moenia
1546 966 1784 1037 quadrae:

457 1080 614 1146 Ecce,
650 1080 745 1134 tibi
781 1080 929 1135 vitrei
963 1081 1226 1153 riguerunt
1261 1100 1511 1136 marmore
1545 1082 1730 1136 fluctus
1755 1085 1765 1133 !

455 1202 634 1270 Qualis
668 1202 952 1256 Aristaeum
989 1202 1201 1274 Gyrenae
1236 1202 1378 1274 regia
1411 1203 1590 1255 matris

455 1323 623 1395 Cepit,
659 1341 815 1395 apum
849 1330 1049 1395 strages
1083 1323 1372 1395 infectaque
1407 1323 1559 1376 mella
1593 1329 1924 1395 querentem;

454 1443 568 1497 Aut
602 1443 805 1516 qualem
839 1442 936 1497 sibi
970 1444 1137 1496 munit
1175 1444 1376 1516 Hyems
1416 1445 1514 1516 (ita
1548 1445 1738 1516 fingere
1773 1449 1916 1497 vates

454 1557 793 1628 Crediderim)
831 1558 956 1612 diris
989 1566 1049 1613 ut
1085 1567 1252 1614 servet
1286 1561 1340 1613 in
1374 1561 1570 1615 aedibus
1604 1579 1760 1625 arma,

454 1678 512 1733 Si
545 1686 762 1751 poscant
796 1680 895 1734 sibi
929 1681 1033 1735 tela
1067 1681 1178 1734 dari
1215 1681 1476 1753 Ventique
1514 1681 1785 1752 Nivesque,

454 1800 514 1854 Si·
542 1801 773 1873 jaculum
806 1801 1020 1874 glaciale
1054 1802 1454 1875 pruiniferasque
1488 1803 1769 1873 pharetras,

452 1921 688 1976 Surrexit
720 1923 895 1990 tacite,
932 1943 1027 1978 ceu
1060 1931 1205 1979 muta
1239 1925 1505 1989 insomnia,
1542 1924 1737 1986 moles3

452 2044 506 2098 N
505 2063 575 2098 on
607 2045 831 2118 crepitus
864 2063 1034 2110 serrae,
1070 2046 1244 2100 sonuit
1278 2065 1382 2100 non
1416 2048 1620 2100 verbere
1655 2045 1807 2099 surdo

455 2165 705 2220 Malleus:
750 2166 863 2239 ipsa
896 2186 1048 2239 super
1081 2168 1271 2242 glacies
1306 2168 1437 2221 illisa
1471 2174 1703 2221 coactam

455 2285 706 2340 Firmavit
739 2286 971 2359 glaciem,
1013 2288 1160 2362 (quid
1195 2287 1332 2342 enim
1367 2295 1616 2342 caementa
1650 2287 1873 2358 requirat

456 2407 615 2461 Molis
650 2426 779 2479 opus
813 2407 1020 2480 liquidae
1036 2409 1080 2474 ἓ)
1124 2428 1493 2481 numerosaque
1528 2410 1677 2462 fluxit
1712 2408 1766 2460 in
1801 2424 1989 2466 unum;

454 2529 901 2600 Lympharumque
936 2529 1117 2583 domus
1151 2530 1470 2600 lympharum
1505 2529 1770 2601 aspergine
1805 2527 1976 2581 crevit.

455 2649 744 2721 Lampades
778 2649 1055 2702 introrsum
1090 2650 1364 2721 multisque
1401 2649 1651 2703 coloribus
1686 2650 1830 2720 ignes

454 2770 713 2843 Fulgere;
757 2770 1073 2824 transmissae
1107 2770 1383 2841 pallescere
1418 2771 1544 2824 lucis
1580 2770 1782 2842 imago:

450 2892 650 2965 Nempe
683 2893 835 2947 aliam
870 2893 924 2946 in
958 2892 1109 2946 terris
1143 2893 1320 2946 credas
1356 2910 1657 2963 consurgere
1692 2891 1876 2953 lunam,

451 3014 800 3087 Delapsasque
834 3013 951 3085 polo
986 3013 1160 3067 stellas
1195 3020 1349 3084 atque
1384 3014 1534 3066 uvida
1568 3013 1730 3085 signa.

1917 3110 1956 3143 C.
1974 3110 2026 3143 M.
