2262 3782
991 338 1258 383 LECTORI
1301 339 1341 382 S.

349 543 612 615 diligenter
647 544 990 613 excerpebam.
1058 542 1265 596 Etenim
1305 541 1607 612 experiendo
1644 539 1853 612 cognovi
1885 524 1993 591 ani-

348 660 488 694 mum
525 642 724 695 lectoris
758 641 854 694 hoc
896 658 1055 713 genus
1092 659 1153 694 eo
1188 640 1425 694 libentius
1462 641 1615 706 adire,
1652 658 1751 711 quo
1788 637 1996 692 acrioris

349 740 537 812 ingenii
568 741 643 794 vis
674 741 726 792 in
755 741 1127 811 interpretando
1151 741 1466 812 postuletur3
1506 760 1604 812 quo
1627 741 1740 812 plus
1762 739 1996 811 exigatur

351 839 637 894 calliditatis
673 840 727 892 in
765 839 1006 892 electione
1043 858 1104 892 ac
1146 839 1515 909 constructione
1553 841 1848 901 verborum;
1893 853 1995 908 quo

350 939 641 1010 exquisitior
672 945 844 1009 pateat
873 939 1113 992 doctrinae
1141 939 1453 993 concinnitas
1483 939 1537 991 in
1567 935 1994 992 accommodando

353 1039 537 1111 linguae
573 1039 811 1092 obsoletae
846 1057 948 1091 non
982 1057 1074 1092 sua
1111 1044 1346 1105 ἰδιώματα.

493 1139 532 1191 J
534 1157 617 1191 am
658 1157 774 1191 vero
812 1138 1007 1191 veniam
1056 1138 1197 1190 dabit
1236 1138 1427 1191 Censor
1473 1137 1691 1202 criticUS,
1730 1136 1775 1189 si
1815 1134 1996 1189 seriem

353 1244 504 1308 atque
547 1239 837 1308 juncturam
884 1236 1048 1306 operis
1093 1236 1330 1289 levissimi
1377 1237 1593 1289 facetam
1633 1235 1796 1308 magis
1842 1251 1995 1306 quam

354 1335 647 1407 legitimam,
696 1354 922 1388 meorum
968 1335 1170 1399 arbiter,
1219 1335 1343 1388 mihi
1389 1353 1708 1406 proposuero.
1799 1333 1997 1405 Quippe

354 1433 635 1487 meminerit
671 1433 820 1496 idem,
858 1433 903 1486 si

678 1555 902 1599 Illecebris
928 1555 1042 1598 foret
1071 1561 1116 1599 et
1142 1560 1266 1612 grata
1293 1556 1487 1600 novitate
1515 1554 1754 1600 morandus

680 1641 919 1697 Spectator,

353 1759 525 1806 tamen
559 1770 662 1804 non
697 1770 778 1804 me
814 1751 1022 1804 oblitum
1057 1751 1212 1804 fuisse

668 1882 733 1925 ita
761 1886 930 1924 vertere
959 1882 1071 1925 seria
1098 1881 1220 1934 ludo,

270 1979 277 2042 ἱ
355 2000 413 2047 ut
459 1994 513 2046 in
559 1985 770 2046 alteram
816 1999 1010 2062 partem
1051 1991 1201 2044 libelli
1243 1991 1411 2044 omnia
1456 2008 1600 2044 sacra
1639 2008 1728 2061 per
1769 2008 1824 2043 se
1860 2007 1999 2044 reve-
2070 2016 2075 2143 ι

355 2099 523 2146 renter
557 2098 726 2144 essent
760 2091 982 2161 seposita
1016 2097 1168 2161 atque
1205 2090 1488 2142 distributa.

269 2043 276 2387 ξ
496 2191 688 2244 Utrum
733 2190 945 2243 feliciter
998 2207 1155 2242 necne
1210 2189 1376 2242 conati
1430 2188 1588 2241 simus
1640 2189 1999 2242 monachorum

353 2290 567 2360 hymnos
613 2289 924 2359 rhythmicos
969 2287 1170 2352 imitari,
1212 2287 1442 2358 judicent
1478 2287 1592 2339 alii:
1657 2306 1814 2340 unum
1853 2288 1906 2340 id
1945 2288 1998 2340 in

353 2390 451 2442 hoc
485 2389 594 2442 loco
624 2389 737 2458 jure
772 2388 1120 2451 lamentamur,
1158 2387 1294 2457 quod
1337 2387 1437 2439 ista
1471 2386 1667 2456 species
1701 2386 1996 2450 carminum,

271 2391 277 2647 t
356 2495 463 2541 tam
497 2494 654 2551 casta,
687 2494 795 2540 tam
828 2483 1015 2557 pulcra,
1036 2524 1038 2526 -
1058 2493 1165 2538 tam
1200 2486 1347 2556 plena
1381 2485 1753 2539 exercitationis
1787 2486 1996 2551 idoneae,

355 2606 471 2640 cum
517 2587 571 2639 in
602 2584 740 2638 lud-is
762 2581 1012 2656 publicis,
1036 2610 1038 2612 ’
1060 2591 1171 2637 tum
1217 2585 1352 2655 apud
1401 2584 1735 2638 Academicos
1780 2590 1996 2649 nosti-08,

355 2686 555 2756 penitus
583 2685 768 2738 omissa
803 2703 913 2737 esse
939 2684 1182 2736 videatur.
1256 2683 1382 2750 Quis
1409 2689 1579 2735 autem
1613 2682 1812 2753 ignorat
1847 2701 1998 2753 quam

357 2783 560 2856 egregia
594 2784 660 2836 sit
707 2783 854 2836 hodie
889 2783 956 2835 ad
1001 2782 1252 2835 versiones
1298 2799 1469 2834 sacras
1506 2781 1868 2851 opportunitas,
1907 2799 1999 2835 seu

273 2904 275 2936 ι
357 2883 470 2954 quis
511 2883 642 2935 illius
697 2890 710 2913 ⁶
730 2883 876 2953 Lyrae
920 2880 1247 2952 Apostolicae'
1288 2880 1374 2932 fila
1415 2878 1647 2944 solicitet,
1708 2879 1811 2932 sive
1865 2879 1998 2934 circa

273 2964 275 3016 l
358 2981 578 3034 daedalos
629 2981 778 3034 flores
840 2987 852 3010 ‘
871 2979 1013 3031 Anni
1067 2978 1362 3031 Christiani'
1401 2978 1687 3031 ‘fundantur
1737 2984 2000 3048 poetarum

359 3080 623 3133 examina?

498 3178 675 3249 Neque
716 3179 833 3231 huic
880 3176 1123 3247 prooemio
1170 3182 1289 3228 ante
1335 3175 1496 3228 aulaea
1542 3175 1797 3241 tollantur,
1847 3195 1998 3248 quam

354 3278 665 3347 adjutoribus
688 3278 828 3336 meis,
856 3295 1065 3348 quorum
1095 3276 1191 3330 erit
1221 3275 1382 3329 omnis
1410 3276 1535 3341 laus,
1566 3276 1609 3329 si
1643 3277 1763 3347 quid
1794 3277 1996 3331 suavius
2059 3292 2062 3296 ·
