2262 3782
848 261 1216 305 ARUNDINES
1254 260 1428 305 CAMI.

1044 508 1238 576 mita.

385 667 621 720 Lunum
659 682 777 718 cum
807 663 1046 734 primum,
1083 662 1307 726 memini,
1340 663 1582 732 juvenilia
1617 664 1750 734 cepit

455 765 702 837 Virgineo
738 763 977 835 quicquid
1010 762 1140 815 ludit
1175 762 1229 814 in
1264 780 1350 814 ore
1387 763 1556 827 decuS,

354 892 358 896 ·
385 865 551 918 Tutus
584 864 651 916 ab
686 862 933 916 illecebris
968 879 1175 914 veneres
1209 861 1430 914 mirabar
1466 862 1714 915 inermes:
1764 922 1769 930 .

455 964 509 1017 A
547 963 694 1016 nobis
728 962 918 1015 famam
953 961 1091 1014 nulla
1125 961 1292 1032 puella
1326 961 1460 1014 tulit.

388 1119 530 1174 Hinc
564 1118 734 1172 animo
768 1116 949 1170 audaci
984 1115 1198 1167 nimium
1233 1115 1473 1187 vultuque
1508 1118 1724 1186 superbo

460 1217 772 1289 Spernebam
809 1214 995 1286 Paphii
1031 1213 1203 1267 mollia
1237 1214 1342 1267 tela
1379 1214 1516 1276 Dei;

391 1318 496 1372 Seu
529 1335 675 1370 roseo
709 1314 918 1368 insidias
953 1313 1141 1366 struxit
1175 1313 1308 1366 male
1344 1313 1477 1366 fidus
1512 1314 1566 1366 in
1602 1333 1702 1378 ore,

463 1418 567 1472 Seu
601 1416 733 1469 risus
768 1415 901 1468 inter
935 1413 1064 1466 retia
1099 1413 1231 1466 texit
1268 1413 1451 1467 Amor.

394 1570 544 1640 Saepe
579 1567 783 1639 quidem
818 1566 940 1630 dixi,
978 1564 1173 1618 fallacis
1207 1564 1410 1617 nescius
1444 1582 1599 1629 aurae,

467 1669 560 1722 Me
594 1675 708 1722 tuto
743 1673 1015 1739 angustam
1049 1683 1199 1736 posse
1235 1671 1410 1717 tenere
1446 1665 1614 1727 viam3

397 1769 699 1841 Imprudens
732 1767 978 1820 nimium!
1033 1766 1119 1838 qui
1153 1783 1237 1818 me
1272 1771 1381 1818 tam
1417 1783 1554 1835 saepe
1589 1764 1785 1836 negavi,

468 1869 669 1923 Gaetera
703 1867 790 1939 qui
825 1865 998 1931 vincit,
1035 1865 1236 1919 vincere
1272 1883 1422 1935 posse
1459 1865 1646 1918 Deum.

398 2029 537 2083 Nam
570 2046 735 2099 neque
769 2027 936 2080 adhuc
971 2043 1150 2079 noram
1184 2025 1321 2078 tristi
1358 2024 1575 2095 suspiria,
1609 2042 1732 2077 cura

469 2130 688 2194 Ducere,
725 2147 820 2182 nec
856 2127 1078 2199 querulae
1114 2133 1326 2198 tangere
1361 2125 1448 2178 fila
1482 2125 1639 2196 lyrae3

401 2230 533 2284 Oum
571 2229 710 2283 Mira
745 2247 811 2283 ex
845 2227 1020 2291 ocuIiS,
1060 2225 1279 2279 Phoebei
1314 2223 1528 2296 fulguris
1563 2223 1738 2286 instar,

475 2329 626 2383 Misit
661 2328 896 2382 vindictae
933 2328 1038 2381 tela
1071 2326 1306 2379 ministra
1341 2344 1466 2378 suae.

405 2490 420 2514 ‘
443 2483 488 2548 I,
525 2482 692 2555 fuge,'‘
714 2481 884 2535 fatalis
918 2479 1156 2534 clamavit
1191 2477 1396 2531 conscia
1431 2477 1612 2548 plagae,

477 2590 491 2613 ‘
514 2582 558 2647 I,
595 2585 746 2654 pete,'
780 2582 871 2647 ait,
911 2588 925 2612 ‘
945 2581 1143 2644 durum,
1181 2579 1286 2631 fida
1320 2578 1526 2650 sagitta,
1564 2577 1731 2629 latus:

409 2683 550 2737 Hinc
585 2683 811 2748 tandem,
847 2681 967 2735 hinc
1003 2681 1168 2733 discat
1203 2679 1366 2732 nostri
1402 2684 1722 2748 contemptor
1757 2682 1971 2747 oportet,

480 2784 608 2852 Quae
643 2783 747 2836 sint
783 2782 1001 2836 feminea
1036 2780 1242 2833 vulnera
1277 2780 1435 2832 missa
1470 2778 1658 2831 manu?

411 2932 645 2986 Pectoris
679 2940 738 2986 ut
772 2951 936 2986 saevos
971 2949 1174 3004 possem
1209 2948 1389 2983 sanare
1425 2929 1639 2991 doloreS,

483 3032 699 3086 Tentavi
733 3033 930 3086 medica
965 3030 1204 3102 quicquid
1238 3030 1294 3082 in
1328 3036 1439 3082 arte
1474 3029 1605 3089 fuit;

415 3132 519 3186 Sed
552 3131 741 3184 frustra
776 3131 898 3202 petii
935 3131 1061 3183 duro
1097 3148 1180 3182 me
1216 3147 1470 3200 opponere
1505 3129 1715 3181 morbo:

485 3231 575 3284 Ah
601 3234 611 3282 !
664 3231 861 3284 medica
897 3248 1000 3283 non
1036 3236 1115 3282 est
1151 3236 1260 3281 arte
1298 3229 1551 3300 fugandus
1589 3228 1769 3280 Amor.
