2262 3782
848 300 1218 347 ARUNDINES
1251 305 1426 350 CAMI.

880 519 1125 594 OEempus
1164 522 1375 582 fictum.

515 656 839 709 Piusoole
879 658 1200 710 immemores
1236 676 1347 710 esse
1389 659 1650 724 sodalium,

514 755 696 826 Lapsis
733 775 798 809 ex
838 757 1009 809 animo
1048 775 1176 828 quos
1213 758 1573 824 adamavimus‚

513 855 807 910 Priscorum
838 855 1160 910 immemores
1198 875 1309 910 esse
1351 859 1597 911 sodalium
1629 868 1680 912 et

653 955 779 1009 Acti
815 957 1227 1027 temporis—hoc
1267 958 1445 1011 decet?

512 1119 653 1185 Acti,
693 1139 809 1174 care
848 1139 1034 1184 comes,
1078 1122 1321 1192 temporis
1363 1125 1428 1176 ob
1466 1125 1589 1188 dies,

510 1219 652 1284 Acti,
691 1220 791 1273 fide
831 1239 1017 1284 comeS‚
1059 1222 1304 1292 temporis
1346 1226 1411 1276 ob
1455 1225 1579 1290 dies,

510 1320 807 1390 Spumantis
843 1329 1075 1391 pateram
1117 1322 1349 1376 combibe
1393 1323 1615 1388 Gaecubi,

651 1420 776 1474 Acti
813 1422 1056 1492 temporis
1092 1424 1157 1475 ob
1200 1423 1324 1477 dies,

508 1584 688 1638 Flores
725 1585 779 1637 in
816 1584 1030 1639 calathis
1068 1604 1162 1639 nos
1197 1587 1579 1640 amaranthinos

510 1684 634 1738 Una
674 1703 764 1755 per
795 1686 923 1757 juga
965 1692 1089 1756 quot
1131 1685 1277 1739 devia
1314 1686 1563 1758 legimus!

509 1783 611 1838 Sed
647 1785 810 1839 lassos
846 1803 1057 1858 peregre
1098 1787 1349 1839 traximus
1386 1787 1518 1840 heu!
1571 1788 1739 1858 pedes,

646 1885 772 1939 Acti
812 1887 1056 1957 temporis
1093 1905 1126 1939 a
1165 1887 1262 1940 die.

505 2049 641 2118 Quin
678 2049 839 2104 solem
879 2051 946 2103 ad
978 2051 1203 2104 medium
1238 2052 1467 2124 margine
1509 2053 1726 2106 fontium

504 2147 753 2203 Certatim
794 2151 848 2203 in
889 2152 1046 2205 vitreo
1088 2151 1296 2204 flumine
1337 2153 1579 2206 lusimus:

502 2249 607 2304 Ast
648 2251 783 2304 inter
822 2252 1028 2305 fremuit
1069 2271 1164 2305 nos
1201 2254 1432 2323 patulum
1486 2273 1641 2326 mare,
1700 2299 1704 2303 .

643 2350 771 2404 Acti
808 2351 1053 2423 temporis
1094 2371 1126 2405 a
1168 2353 1268 2406 die.

501 2511 831 2583 Amplexum,
871 2532 1043 2566 comes
1084 2533 1115 2566 o
1147 2513 1266 2578 fide,
1303 2515 1613 2567 morabimur

499 2611 930 2666 Dulcem-labra
967 2614 1123 2667 labris
1161 2622 1214 2668 et
1252 2615 1488 2668 manibus
1529 2620 1772 2670 manum?

499 2712 830 2786 Depromptae
867 2715 981 2786 quis
1013 2716 1109 2768 erit
1141 2717 1252 2787 jam
1294 2717 1475 2769 modus
1506 2718 1780 2788 amphorae,

640 2815 766 2869 Acti
807 2816 1052 2887 temporis
1090 2819 1155 2870 ob
1199 2817 1340 2870 dies?

497 2975 746 3029 Potantes
786 2978 956 3048 cyathi
998 2978 1202 3042 foedere,
1243 2986 1477 3032 mutuum

220 3041 225 3050 l
498 3075 767 3129 Sumemus
809 3077 1138 3148 dabimusque
1173 3077 1411 3147 impavidi
1453 3097 1671 3140 merum;

499 3174 871 3248 Oingemurque
905 3177 991 3247 pia
1026 3185 1256 3248 tempora
1291 3179 1544 3250 pampino,

209 3117 217 3439 ί
637 3275 761 3329 Acti
801 3277 1044 3347 temporis
1078 3280 1143 3331 ob
1186 3279 1311 3331 dies,

1983 3004 1996 3020 Ο
