2262 3782
1078 830 1296 840 ᾖφ-

491 999 557 1050 IN
594 1016 722 1052 nova
757 999 974 1053 editione
1008 1017 1169 1069 pauca
1197 1000 1444 1070 quaedam,
1475 1000 1618 1071 quasi
1646 1000 1856 1054 emerita
1882 1017 1989 1057 car-

347 1098 499 1164 mina,
530 1100 639 1170 jam
670 1100 793 1152 rude
826 1100 1039 1153 donavi:
1098 1118 1310 1171 quorum
1345 1100 1397 1152 in
1428 1100 1593 1153 locum
1628 1100 1838 1154 suffecta
1871 1099 1987 1164 alia,

345 1199 504 1253 multa
537 1200 753 1272 denique
784 1201 1066 1266 emendata,
1103 1200 1321 1254 inveniet
1355 1200 1512 1253 lector
1546 1199 1789 1254 curiosus·

488 1367 684 1421 Vereor
725 1385 791 1420 ne
831 1385 1010 1438 parum
1044 1374 1220 1439 gratus
1261 1367 1415 1421 fuisse
1455 1367 1640 1432 videar,
1683 1366 1771 1438 qui
1805 1366 1845 1419 J
1846 1365 1991 1420 acobi

346 1465 597 1538 Hildyard
633 1473 686 1520 et
716 1466 881 1520 Caroli
916 1466 1160 1520 Merivale
1187 1466 1391 1519 nomina
1425 1466 1479 1518 in
1513 1466 1988 1520 commemoratione

264 1631 268 1642 ι
349 1565 633 1637 adjutorum
680 1572 799 1618 ante
845 1565 1264 1636 praetermiserim.
1338 1566 1441 1620 Pro
1488 1572 1700 1638 utroque
1745 1565 1872 1620 satis
1915 1565 1989 1620 lo-

262 1646 269 1756 }
342 1671 562 1736 quuntur
585 1682 698 1735 quae
721 1664 1038 1718 contulerunt
1059 1685 1071 1716 ε
1116 1665 1207 1718 sed
1237 1665 1364 1718 alter
1393 1665 1573 1718 horum
1596 1666 1761 1719 denuo
1783 1665 1988 1736 copiosa

342 1763 554 1817 adduxit
588 1763 827 1827 subsidia,
863 1763 1091 1834 stiloque,
1128 1770 1187 1816 ut
1228 1763 1373 1827 solet,
1409 1782 1532 1818 usus
1566 1771 1646 1817 est
1680 1764 1984 1818 felicissimo.

482 1931 602 1985 Non
638 1932 729 1985 tali
770 1937 887 2003 eget
925 1930 1116 1984 auxilio·
1144 1931 1406 1985 Francisci
1444 1931 1768 2003 Wrangham
1807 1931 1987 1986 flebilis

340 2033 614 2086 memoria:
654 2032 790 2103 quod
820 2031 865 2085 si
892 2031 1046 2084 fidem
1079 2033 1190 2103 ejus
1224 2050 1285 2085 ac
1316 2030 1714 2084 benevolentiam
1740 2032 1986 2085 bonorum

340 2131 564 2184 omnium
604 2149 909 2194 consensus;
966 2130 1010 2183 si
1056 2149 1216 2202 genus
1256 2137 1310 2183 et
1355 2130 1512 2183 vitam
1557 2147 1777 2183 marmor
1821 2131 1984 2202 sepul-

339 2229 471 2283 crale
522 2231 822 2293 testabitur3
891 2230 1076 2284 amoris
1121 2236 1293 2284 tamen
1335 2235 1387 2282 et
1433 2228 1604 2294 studii,
1653 2246 1752 2300 quo
1802 2229 1984 2285 Musas

338 2327 494 2381 etiam
542 2328 597 2380 in
645 2334 905 2382 senectute
954 2328 1243 2400 complexus
1296 2333 1389 2392 est,
1446 2326 1628 2399 exiguo
1674 2326 1742 2380 sit
1787 2327 1982 2400 pignori

337 2427 434 2480 hoc
468 2433 696 2480 nostrum
731 2427 1053 2499 opusculum:

462 2611 621 2661 Εἷσὲτι
656 2612 748 2678 «γᾶρ
784 2615 918 2660 πνείει
953 2611 1019 2658 τά
1052 2611 1117 2660 cra*
1150 2616 1312 2678 χείλεα
1349 2612 1420 2658 καὶ
1454 2611 1516 2659 τό
1550 2611 1635 2659 σόν
1665 2609 1842 2672 ἆσθμα·

458 2705 594 2770 Ἀχιιῗ
625 2703 659 2752 δ’
693 2705 784 2751 ΕΝ
819 2696 1213 2752 ΔΟΝΑΚΕΣΣΙ
1248 2703 1355 2753 τέας
1388 2703 1659 2766 ε’πιβόσκετ’
1691 2703 1862 2753 ἀοιδάς.

490 3025 651 3083 Scripsi
677 3027 796 3084 apud
835 3027 1086 3081 BnonfflAM,

352 3132 470 3178 Prid.
489 3132 583 3177 Cal.
604 3134 738 3176 Maii.
766 3130 862 3174 MD
874 3125 1013 3177 ,ἴε-(3
1026 3165 1038 3176 .
1053 3132 1230 3177 XLIII.
