2340 3796
899 333 1072 378 ARUN
1076 333 1141 377 DI
1147 333 1264 378 NES
1302 334 1476 379 CAMI.

1060 685 1305 758 dfatim.

568 871 616 925 O
654 891 804 925 1GN1s
840 891 1000 939 meus,
1051 875 1097 928 Ο
1135 876 1286 941 furor,
1326 877 1557 949 Cupido!

569 982 616 1037 Ο
653 983 740 1054 qui
777 985 881 1050 Sol,
917 986 1085 1040 medio
1120 987 1332 1042 libratus
1365 1008 1477 1056 axe,

568 1095 782 1163 Horres,
819 1099 933 1170 plus
967 1100 1122 1154 nimio
1158 1101 1283 1154 mihi
1318 1104 1564 1168 obtuenti‚

565 1209 1012 1285 Flammarumque
1046 1215 1167 1269 salis
1201 1216 1397 1270 calente
1432 1218 1559 1271 fibra
1584 1222 1594 1270 !

569 1324 688 1378 En!
726 1332 950 1379 mentem
984 1328 1320 1399 aequanimam
1355 1331 1611 1396 abdicans,
1649 1332 1904 1397 omittenS‚

570 1437 688 1491 En!
727 1440 891 1510 putris
925 1441 1034 1494 vice
1067 1442 1259 1495 frondis
1294 1451 1347 1497 et
1383 1445 1602 1510 caducae,

570 1553 744 1625 Raptu
778 1557 1016 1628 praepetis
1049 1558 1248 1612 auferor
1282 1560 1544 1630 procellae!

571 1669 738 1736 Quam
772 1671 868 1723 sub
902 1672 1155 1726 moenibus
1190 1673 1329 1727 urbis
1363 1674 1637 1746 inquietem

572 1781 833 1837 Hesterna
866 1786 1018 1839 modo
1054 1793 1206 1841 noete
1240 1788 1544 1861 perviglavi!

574 1897 716 1965 Quos
749 1917 927 1954 amnes
961 1900 1195 1955 sitiebam
1229 1903 1414 1956 adusta
1448 1910 1501 1957 et
1536 1903 1722 1956 imbres
1747 1907 1757 1955 !

574 2012 689 2080 Qua
722 2013 936 2068 blandos
970 2015 1079 2069 viee
1114 2016 1379 2087 provoluta
1412 2017 1563 2072 flores

574 2127 880 2181 Pressabam
914 2129 1110 2201 gremio
1145 2131 1316 2184 furens
1351 2138 1404 2185 et
1440 2132 1547 2184 ori!

574 2239 656 2294 Ut
691 2241 1006 2296 flammantia
1040 2250 1221 2316 tesqua
1255 2246 1515 2311 metiebar,

574 2350 649 2404 Et
683 2351 919 2424 squalens
953 2354 1099 2408 oculo
1134 2357 1381 2427 sequebar
1414 2374 1586 2427 aequor
1610 2360 1620 2407 !

576 2464 729 2518 Illum
763 2484 862 2519 vox
896 2466 1020 2519 mihi
1056 2468 1100 2521 si
1136 2487 1237 2540 qua
1272 2470 1560 2534 nominarit,

577 2578 657 2631 Ut
691 2579 862 2651 lapsus
898 2581 1035 2635 color
1069 2588 1123 2635 et
1157 2583 1370 2637 subinde
1405 2585 1579 2639 fusus!

578 2691 658 2745 Ut
693 2693 844 2746 eorde
879 2693 1156 2747 innumerae
1191 2695 1385 2767 ignium
1420 2696 1623 2768 sagittae

577 2804 711 2859 Fixo
746 2805 1015 2871 dissiliunt,
1051 2807 1304 2880 latratque
1339 2810 1549 2863 vulnus!

577 2919 624 2972 Ο
659 2918 794 2992 ignis
828 2938 987 2983 mem,
1027 2920 1074 2974 O
1109 2921 1261 2986 furor,
1303 2922 1496 2994 Cupido
1522 2927 1532 2975 ἔ

578 3032 693 3100 Quo
727 3051 810 3087 me
845 3034 1068 3088 suaviolo
1104 3035 1245 3088 ferox
1280 3037 1445 3090 tenaci

581 3145 802 3200 Exsuxit
837 3147 998 3212 labne,
1035 3153 1095 3201 ut
1129 3167 1253 3202 aura
1288 3168 1427 3203 rores
1451 3153 1462 3202 !
