2340 3796
887 279 1253 324 ARUNDINES
1291 279 1465 325 cAMl.

421 478 707 550 Suppositis
742 477 939 548 quoties
974 477 1271 528 resecabant
1305 475 1515 529 falcibus
1549 495 1683 540 arva,

492 578 659 631 Versa
692 576 833 649 gravi
869 575 1068 647 quoties
1101 593 1301 628 vomere
1335 575 1484 646 gleba
1517 576 1648 628 fuit!

422 677 501 732 Ut
535 677 639 731 laeti
674 677 728 729 in
762 683 939 730 tonsas
969 675 1202 745 jumenta
1236 692 1384 745 egere
1419 675 1635 739 novales»,

492 777 606 844 Quo
640 776 772 829 ferro
806 775 861 827 in
895 774 1033 827 silvis
1067 775 1376 844 procubuere
1411 776 1581 828 trabes
1606 778 1617 826 2

421 968 655 1022 Ambitio
690 985 837 1021 curas
872 985 938 1019 ne
973 966 1274 1037 dedignetur
1307 966 1564 1029 honestas,

493 1068 713 1139 Otiaque
748 1066 937 1138 ignotis
971 1066 1110 1118 haud
1143 1065 1308 1118 aliena
1341 1065 1498 1126 focis;

423 1167 534 1222 Nec
567 1177 712 1223 torvo
746 1165 967 1237 excipiat
1002 1171 1264 1219 contracta
1301 1164 1547 1234 Superbia
1580 1164 1684 1217 risu

493 1267 741 1340 Pauperis
775 1265 1056 1331 historiam,
1093 1265 1162 1318 sit
1196 1264 1363 1318 brevis
1396 1263 1496 1328 illa,
1533 1264 1687 1317 domi.

424 1457 709 1513 Stemmata
742 1457 895 1530 longa
928 1462 1147 1528 patruQ
1184 1473 1485 1527 magnaeque
1518 1455 1744 1525 potentia
1778 1455 1942 1519 famae,

494 1558 745 1630 Quicquid
779 1558 942 1612 forma
974 1563 1146 1628 potest
1179 1556 1380 1621 addere,
1418 1556 1653 1627 quicquid
1688 1575 1824 1627 opes,

424 1657 719 1729 Expectant
753 1656 942 1728 pariter
975 1674 1080 1709 non
1114 1655 1345 1709 evitabile
1379 1661 1650 1725 tempus—-

496 1756 701 1811 Scilicet
735 1757 802 1809 ad
836 1755 1088 1810 tumulum
1122 1755 1265 1809 ducit
1301 1755 1529 1808 Honoris
1563 1755 1675 1809 iter.

424 1949 535 2003 Nec
569 1967 674 2015 vos,
712 1968 744 2004 o
778 1967 1011 2021 proceres
1045 1925 1307 2020 phalerati,
1346 1949 1400 2001 id
1434 1948 1614 2002 vertite
1650 1948 1828 2018 culpae,

497 2050 647 2119 Quod
683 2050 862 2103 Pietas
896 2050 994 2103 illis
1028 2050 1166 2102 nulla
1201 2057 1395 2120 tropaea
1429 2050 1579 2113 locat,

427 2151 543 2219 Qua
575 2169 667 2222 per
700 2150 958 2223 magnifici
992 2149 1249 2222 laquearia
1284 2150 1479 2203 daedala
1513 2149 1687 2220 templi

498 2249 875 2304 Grandisonum
910 2250 1115 2304 volvunt
1150 2269 1342 2322 organa
1376 2250 1520 2320 pulsa
1559 2249 1733 2302 melos.

430 2445 565 2514 Quid
599 2445 749 2511 tituli,
787 2446 909 2518 quid
939 2447 1138 2517 sculpta
1167 2447 1416 2517 juvabunt
1452 2445 1736 2498 marmora?
1778 2442 2016 2496 membris
2121 2446 2123 2449 ’

500 2546 591 2600 An
623 2564 738 2600 sese
772 2546 995 2599 insinuet
1029 2546 1237 2617 spiritus
1271 2552 1381 2599 arte
1417 2546 1611 2598 redux?

431 2647 607 2701 Gloria
639 2665 763 2700 num
795 2646 982 2700 tacitas
1016 2645 1294 2699 exsuscitet
1329 2664 1416 2698 ore
1450 2644 1678 2698 favillas?

503 2747 644 2801 Num
680 2747 916 2820 Stygium
949 2753 1165 2819 tangant
1198 2745 1370 2799 mollia
1403 2746 1556 2799 verba
1592 2745 1793 2798 Deum?

436 2939 677 2993 Forsitan
710 2939 808 2994 hac
843 2939 1000 2993 etiam
1034 2939 1267 3011 neglecta
1302 2939 1355 2991 in
1390 2938 1510 2991 sede
1546 2936 1806 3007 quiescant

505 3040 633 3108 Quae
666 3039 797 3094 coelo
831 3040 1032 3092 fuerant
1066 3045 1272 3110 pectora
1306 3038 1433 3090 foeta
1467 3055 1596 3097 suo;

436 3137 680 3202 Dextera,
718 3157 831 3209 quae
867 3138 1141 3191 indomitos
1176 3137 1454 3191 domuisset
1489 3136 1648 3189 inulta
1686 3134 1972 3196 BritannOS,

508 3237 610 3290 Vel
643 3243 842 3308 poterat
877 3237 1039 3291 vivam
1076 3237 1354 3290 solicitasse
1389 3236 1564 3306 lyram.
