2340 3796
853 276 1220 323 ARUNDINES
1256 279 1430 325 CAMI.

895 590 988 651 ΞΠ
1027 588 1395 653 accurentium.

533 749 580 803 Ο
618 769 783 803 οΑεΤΑ
831 752 960 805 casti
997 752 1265 825 progenies
1302 754 1476 825 patris,

532 847 673 901 Dum
707 849 886 902 bruma
923 868 1130 921 campos
1170 859 1384 922 occupat
1426 860 1478 905 et
1520 854 1640 919 viaS,

603 949 717 1016 Quo
757 966 889 1013 rure,
932 949 1191 1015 Laurenti,
1234 951 1459 1015 redacte,

671 1047 872 1115 Quosve
909 1047 1049 1101 focos
1080 1049 1219 1119 apud
1257 1049 1549 1120 hospitaleS,

532 1145 712 1218 Longo
749 1147 1035 1200 auferemus
1074 1147 1234 1201 toedia
1271 1149 1334 1202 de
1371 1149 1486 1202 die?

528 1245 678 1313 Quod
713 1245 840 1299 hora
879 1247 1027 1300 nobis
1064 1250 1260 1320 cunque
1293 1249 1434 1301 dabit
1472 1249 1596 1302 lucri

601 1347 813 1401 Morosa
848 1356 1128 1420 carpentes,
1165 1356 1224 1402 ut
1258 1367 1422 1402 annus

669 1447 950 1503 Praetereat
985 1449 1168 1503 leviore
1205 1468 1386 1520 penna,

526 1546 814 1602 Constricta
849 1550 1008 1603 donec
1043 1555 1190 1620 prata
1224 1549 1490 1602 refecerint

528 1646 645 1700 Alae
683 1646 895 1712 Favoni,
934 1648 1136 1720 liliaque
1173 1655 1226 1702 et
1267 1664 1426 1711 rosa8,

599 1746 812 1800 Laboris
853 1753 1104 1818 expertes,
1145 1747 1337 1801 amictu

668 1846 844 1900 Vema
883 1864 1013 1901 novo
1051 1848 1300 1901 decorarit
1342 1865 1481 1900 aura.

527 1945 655 2012 Quae
689 1947 880 2000 munda
912 1946 1060 2000 nobis
1097 1965 1239 2000 caena
1274 1947 1568 2018 parabitur?

525 2046 654 2115 Quae
691 2046 826 2100 lecta
861 2065 1053 2101 mensae
1091 2048 1280 2101 fercula
1298 2049 1498 2119 2—age,
1543 2046 1723 2099 Attico

593 2146 678 2201 De
712 2165 855 2201 more
891 2156 1286 2220 promenturque
1324 2149 1455 2214 vina,
1499 2154 1551 2200 et

663 2246 794 2300 Post
830 2247 1014 2301 calices
1052 2250 1181 2302 bene
1221 2256 1363 2303 tacta
1404 2255 1606 2303 noctem
1704 2257 1708 2261 '

523 2346 781 2402 Producet
822 2366 924 2401 una
963 2348 1190 2402 barbitos
1230 2367 1452 2413 auream,

523 2445 598 2500 Et
631 2465 730 2500 vox
766 2447 1013 2501 Etruscos
1049 2447 1272 2501 callidior
1306 2448 1485 2500 modos

595 2546 815 2618 Spirare,
852 2554 907 2600 et
942 2547 1202 2601 effundens
1238 2548 1436 2601 choreae

664 2646 887 2700 Sidereae
921 2647 1154 2718 propiora
1189 2647 1406 2701 chordis,

519 2745 621 2813 Qui
654 2752 800 2799 tanta
833 2747 972 2800 novit
1007 2747 1194 2819 gaudia
1228 2766 1449 2818 carpere,

522 2843 852 2917 Prudensque
886 2865 1038 2918 parca
1072 2854 1243 2901 mente
1278 2848 1375 2900 frui
1411 2847 1559 2917 sapit,

594 2943 704 2998 Scit
737 2945 835 3010 ille,
873 2946 926 2999 ni
961 2946 1121 3012 fallor,
1160 2947 1388 3025 Deorum

662 3045 964 3100 Muneribus
999 3047 1255 3118 sapienter
1294 3046 1387 3099 uti.
