2340 3796
875 286 1171 331 ARUNDIN
1178 287 1244 331 Es
1283 288 1417 334 CAM
1423 291 1458 335 Ι.

617 485 782 538 Deme
817 490 942 555 quot
975 502 1144 536 rerum
1179 485 1315 538 videt
1349 487 1454 539 alta
1494 488 1653 552 Luna,

619 598 700 653 Sit
734 596 976 651 reclinato
1012 596 1138 648 mihi
1173 616 1290 650 cum
1325 599 1490 668 puella

621 711 739 766 Sole
774 711 996 765 fervente
1031 716 1122 763 aut
1157 711 1341 763 veteris
1376 713 1471 764 sub
1506 714 1639 765 antri

1112 824 1260 894 Rupe
1295 826 1479 878 morari
1498 849 1513 887 ;

619 981 732 1036 Aut
767 982 821 1035 in
856 983 1095 1035 umbroso
1130 998 1395 1033 nemorum
1431 1000 1648 1046 recessu,

621 1097 810 1152 Fertur
843 1104 902 1150 ut
937 1096 1127 1150 montis
1162 1114 1253 1167 per
1286 1102 1457 1148 amata
1493 1114 1624 1172 rura,
1662 1103 1751 1149 aut

619 1212 844 1267 Abditos
879 1212 1046 1265 fontes
1080 1210 1210 1281 petit
1245 1210 1299 1262 in
1334 1210 1527 1263 ruentis

1120 1323 1358 1395 Margine
1393 1323 1502 1376 rivi.

992 1555 1308 1562 ,ᾠ-

896 1728 1087 1790 &tuti
1127 1726 1466 1802 &multtum

487 1876 535 1930 Ο
574 1895 669 1928 UBI
706 1892 841 1928 nunc
876 1873 1121 1927 recubant
1156 1871 1337 1924 Arturi
1373 1869 1555 1923 nobilis
1591 1870 1740 1922 ossa?

487 1992 535 2046 Ο
571 1989 754 2063 quibus
787 1988 842 2041 in
877 1987 1053 2059 cippiS,
1090 1992 1181 2039 aut
1216 2005 1317 2057 qua
1345 1986 1484 2055 jacet
1520 1984 1717 2055 integer
1752 1982 1909 2035 herba

488 2106 582 2160 Ille
615 2104 880 2177 sepulcrali
895 2105 1219 2157 Z—muscoso
1254 2101 1307 2153 in
1342 2099 1568 2172 margine
1604 2096 1760 2150 fontis

489 2219 697 2292 Sopitur
731 2219 926 2291 placide
960 2217 1253 2292 gremioque
1291 2213 1603 2285 Helvellynis
1637 2212 1741 2265 alto
1767 2232 1778 2263 ε

489 2334 564 2389 Et
597 2353 750 2406 super
783 2332 1002 2405 impubis
1035 2331 1239 2385 betullae
1275 2330 1416 2401 virga
1451 2332 1698 2381 coruscat.

490 2451 719 2519 Quercus
750 2448 902 2514 enim,
939 2446 1116 2500 aestivo
1152 2464 1266 2518 quae
1301 2451 1529 2516 tempore
1563 2461 1716 2496 suave
1751 2459 1946 2503 sonare,

489 2564 887 2635 Auctumnoque
922 2542 1065 2634 gravi
1100 2559 1233 2613 foliis
1270 2558 1515 2628 crepitare
1551 2556 1759 2619 solebat,

493 2678 711 2750 Solaque
745 2678 840 2731 sub
874 2677 1108 2729 brumam
1143 2692 1296 2726 rauca
1330 2671 1526 2744 mugire
1561 2670 1778 2742 querela,

491 2790 709 2856 Occidit,
746 2796 801 2844 et
835 2807 995 2844 vacuo
1029 2788 1220 2842 betulla
1253 2786 1531 2840 innascitur
1565 2803 1700 2837 arvo.

492 2903 708 2958 Pulvere
743 2920 875 2957 cara
894 2902 987 2957 viri
1023 2901 1340 2956 commiscuit
1375 2919 1493 2954 ossa
1526 2904 1766 2960 vetustas

493 3014 567 3068 Et
600 3014 759 3068 fidum
792 3014 988 3069 scabies
1023 3032 1197 3067 ensem
1232 3015 1477 3067 damnosa
1511 3012 1775 3084 peredit—

493 3128 767 3183 Ordinibus
801 3147 948 3200 spero
984 3135 1275 3183 sanctorum
1311 3128 1571 3181 inscribier
1606 3126 1802 3196 ipsum!

1783 3230 1827 3261 A.
1853 3228 1892 3259 B.
1919 3226 1966 3259 H.
