2340 3796
877 283 1243 329 ARUNDINES
1282 284 1456 329 CAMI.

895 499 1076 560 ‘Hans
1119 515 1267 573 surge
1304 501 1434 562 31321'.

547 679 738 733 VA'rns
774 699 924 752 surge
961 680 1062 734 Dei
1087 682 1355 754 l—Surge,
1393 690 1445 736 et
1479 683 1759 737 adulteram

548 780 612 833 In
645 786 852 852 gentem
886 780 1135 834 aethereas
1168 781 1431 852 praecipita
1464 782 1661 836 minas:

687 878 932 952 Flagrum
966 886 1182 934 concute
1217 880 1334 934 coeli

683 977 803 1032 Hoc
837 978 1011 1032 fanum
1036 997 1198 1051 -super
1231 979 1443 1051 impium
1468 983 1479 1033 Ξ

543 1133 706 1188 Scalis
738 1151 924 1206 agmen
958 1135 1045 1188 ubi
1079 1136 1271 1207 pensile
1306 1137 1487 1191 lucidis

542 1233 806 1288 Devenere
839 1234 951 1305 pios
986 1234 1295 1307 Angelicum
1329 1243 1515 1307 patreS‚

685 1333 837 1388 Nunc
871 1334 1012 1387 falsae
1047 1334 1248 1406 magica
1282 1353 1385 1388 arae

685 1433 928 1505 Splendet
961 1433 1168 1487 flamma
1202 1434 1511 1506 crepusculo,

544 1588 589 1652 I,
625 1588 808 1659 devota
843 1589 1028 1642 cadant
1062 1606 1188 1642 saxa
1223 1590 1318 1643 sub
1353 1589 1554 1643 hostia!

546 1687 591 1752 I,
628 1698 812 1760 sparge
847 1695 900 1742 et
936 1689 1132 1743 cineres
1156 1689 1453 1742 !-—brachia
1486 1707 1691 1743 macera

685 1787 851 1842 Torva
885 1805 1023 1853 voce,
1061 1789 1298 1859 profanas

682 1882 1062 1958 Amplectentia
1095 1888 1359 1961 imagines.

544 2042 694 2108 Tum,
730 2061 825 2097 nec
860 2042 1014 2115 longa
1047 2062 1190 2097 mora
1225 2052 1321 2110 est,
1359 2052 1497 2098 verte
1532 2051 1667 2098 retro
1702 2046 1888 2116 pedes:

545 2142 800 2196 Oalcanda
833 2150 913 2196 est
949 2144 1127 2197 eadem
1162 2163 1265 2198 non
1299 2146 1392 2199 tibi
1427 2145 1624 2210 semita,
1703 2182 1707 2186 -

687 2243 768 2297 Ne
803 2262 904 2315 qua
938 2244 1135 2315 impura
1170 2245 1400 2316 voluptas

688 2344 923 2398 Mentem
959 2345 1174 2399 fascinet
1209 2346 1437 2400 insciam.

546 2498 658 2552 Scis
693 2517 846 2572 quam
881 2500 1081 2554 difficile
1117 2508 1197 2554 est
1231 2500 1664 2572 praetereuntibus,

546 2599 662 2667 Qua
695 2599 816 2653 solis
850 2600 1162 2671 placidorum
1196 2601 1251 2653 in
1285 2619 1547 2654 nemorum
1577 2601 1715 2673 jugis

688 2698 888 2753 Pulcrae
924 2701 1020 2753 sub
1054 2701 1165 2754 face
1204 2700 1364 2753 Lunae

686 2796 903 2851 Festum
937 2799 1242 2871 perstrepuit
1278 2799 1472 2861 melos;

548 2955 662 3023 Qua
695 2954 864 3026 palma
897 2962 987 3008 aut
1021 2955 1167 3008 viridi
1202 2954 1321 3008 laeta
1355 2955 1450 3008 sub
1485 2953 1597 3007 ilice

546 3053 767 3107 Dianam
801 3054 1057 3108 celebrant
1093 3055 1318 3108 carmina
1352 3054 1618 3126 virginum,

687 3153 1014 3225 Lascivaeque
1049 3154 1246 3207 choreae
1283 3159 1337 3206 et

688 3252 1024 3324 Vespertinus
1060 3253 1184 3305 odor
1218 3270 1440 3323 precum.
