2340 3796
844 287 1214 331 ARUNDINES
1253 286 1429 330 CAMI.

372 483 482 548 Illa,
521 502 635 555 quae
670 490 762 537 tua
795 489 916 537 sunt
950 482 1036 535 vix
1070 482 1170 535 huc
1206 498 1400 534 memor
1434 498 1594 551 usque
1629 479 1892 542 malorum,

442 581 547 634 Pro
581 581 748 652 patria
781 586 986 634 sanctas
1022 580 1207 644 fundis,
1245 587 1304 632 ut
1338 587 1475 643 ante,
1514 598 1717 660 preces:

373 679 498 732 Una
530 680 624 733 tibi
661 699 795 734 curae
830 681 942 733 vivo
978 679 1090 743 fuit,
1128 698 1230 732 una
1265 681 1360 732 sub
1395 679 1505 749 ipso

382 841 386 845 1
441 779 672 834 Funere:
715 798 951 851 suprema
990 787 1003 810 ‘
1022 779 1215 832 Patria'
1250 796 1372 832 voce
1407 778 1585 849 gemis,

847 1275 1059 1350 ἷβίτειῐεε
1097 1272 1411 1335 valenium.

515 1450 713 1501 VALE!
759 1464 1049 1518 supremam
1084 1453 1260 1499 nostra
1295 1463 1395 1498 vox
1430 1445 1747 1499 dulcedinem

585 1548 778 1602 Tecum
813 1546 1188 1618 reliquit—ah!
1234 1545 1361 1611 vale,

514 1649 718 1702 Dilecta
753 1647 926 1719 virgo!
981 1646 1133 1699 Nunc
1169 1652 1428 1717 strepente
1464 1645 1668 1699 nautico

586 1748 820 1803 clamore
855 1746 1048 1818 primus
1082 1746 1277 1800 audiar.

517 1849 619 1917 Qui
653 1848 972 1920 proferebam
1006 1846 1194 1900 blanda
1229 1847 1315 1900 vix
1350 1846 1565 1917 suspiria

590 1944 757 1996 Vultu
791 1961 1066 2014 pavescens
1101 1944 1198 1996 sub
1232 1949 1340 2008 tuo,

517 2045 717 2099 Malum
752 2044 909 2098 recidi
943 2043 1174 2097 turbidos
1209 2043 1343 2097 inter
1378 2050 1543 2108 notOS,

587 2144 938 2216 Quassamque
974 2143 1180 2217 purgari
1217 2150 1396 2208 ratem,

516 2245 696 2300 Clarus
732 2246 941 2318 jubebo,
1017 2245 1117 2313 Qui
1152 2245 1318 2298 levare
1354 2242 1557 2297 conscia

592 2347 714 2401 Non
748 2365 904 2400 ausus
939 2346 994 2398 in
1028 2353 1082 2399 te
1118 2346 1324 2410 lumina,

519 2449 621 2517 Qui
655 2455 765 2502 tam
799 2447 1099 2501 tremiscens
1134 2446 1327 2519 contigi
1363 2463 1572 2498 manum
1606 2450 1766 2521 tuam,

589 2548 721 2602 Belli
756 2548 1012 2602 excitatus
1047 2547 1258 2618 impetn,

519 2645 799 2699 Tormenta
832 2645 887 2697 in
921 2645 1098 2698 hostes
1132 2644 1349 2715 dirigam
1384 2641 1638 2714 sequacia,

592 2745 931 2816 Gladiumque
967 2745 1144 2798 toHam
1180 2743 1446 2816 fiilgidum.

520 2845 846 2916 Quaecunque
881 2845 1069 2898 amoris
1105 2845 1255 2909 dona,
1292 2842 1485 2916 gloriae,
1524 2840 1633 2910 spei

593 2944 790 2998 Fuistis
825 2945 1048 2998 infausto
1083 2944 1226 3008 mihi,

524 3042 726 3109 Valete‚
763 3044 1243 3118 longum—semper
1277 3050 1333 3096 at
1368 3042 1445 3095 tui
1482 3059 1677 3094 memor

600 3144 837 3199 Manebit
871 3145 956 3199 hic
992 3145 1320 3199 miserrimus,
