2340 3796
828 272 1195 316 ARUNDINES
1234 273 1408 317 CAMI.

717 464 794 516 Ut
828 464 1109 516 fremebant
1148 472 1160 494 ‘
1183 464 1460 517 Devastate

713 555 1031 626 Solymarum
1068 563 1378 619 ornamenta,

714 647 788 699 Et
823 665 940 699 cum
975 647 1082 699 solo
1117 647 1381 717 adaequate

714 738 874 791 Urbis
908 738 1014 790 alta
1048 739 1411 792 fundamenta?

714 880 909 933 Beatus
944 879 1042 943 ille,
1082 880 1356 950 Babylonis

716 973 852 1025 Filia
886 973 1068 1026 misere
1103 980 1301 1037 vexata,

719 1066 783 1117 In
816 1071 870 1134 te
905 1065 987 1117 die
1023 1065 1229 1117 ultionis

715 1156 817 1224 Qui
853 1157 1098 1208 retribuet
1133 1157 1243 1209 haec
1279 1158 1401 1211 fata.

716 1294 910 1351 Beatus
945 1295 1043 1359 ille,
1082 1295 1168 1365 qui
1204 1295 1421 1350 infantes

718 1387 852 1440 Cum
887 1387 1181 1457 parentibus
1216 1388 1430 1453 excidet,

719 1479 793 1531 Et
827 1479 895 1531 ad
929 1479 1123 1550 lapides
1158 1486 1393 1533 extantes

721 1573 901 1625 Vitam
936 1572 1165 1643 fragilem
1201 1573 1371 1626 elidet.

1018 1930 1256 1990 ἶῖΒοηωε.

435 2063 632 2116 SACRAE
670 2062 854 2134 quietis
890 2065 1009 2115 exul
1042 2083 1075 2116 a
1110 2084 1236 2135 pura
1272 2067 1437 2131 dom0‚

510 2156 654 2208 Inter
689 2156 888 2209 sodales
924 2156 1195 2227 improbOS,

436 2247 667 2301 Tandem
701 2247 837 2300 audii
872 2250 1131 2318 perculsus
1166 2258 1432 2321 expostam
1468 2253 1635 2318 fidem,

508 2338 787 2412 Addorque
822 2348 1115 2395 sanctorum
1150 2344 1309 2414 gregi.

437 2481 637 2535 Auctor
670 2483 914 2536 modestae
950 2491 1122 2537 castus
1156 2485 1454 2557 eloquentiae

510 2573 636 2627 Fuit
672 2574 756 2628 ille
795 2575 985 2629 Christi
1020 2577 1268 2630 nuncius:

438 2665 543 2720 Sed
578 2685 728 2732 nunc,
767 2668 902 2738 quod
940 2675 1061 2722 ante
1096 2689 1380 2740 spreveram
1415 2674 1595 2727 surdus
1629 2675 1782 2739 domi,

510 2759 640 2812 Auri
675 2760 820 2814 irruit
854 2762 1115 2815 famelicae.

441 2901 488 2954 Ο
523 2902 832 2973 sempiterna
865 2905 1032 2976 gratia
1067 2905 1206 2959 sinas
1241 2907 1365 2958 mihi

514 2993 590 3048 Te
624 2995 768 3061 scire,
809 2996 900 3060 Te,
940 2998 1099 3063 DeuS,
1138 3006 1191 3051 et
1225 3006 1375 3052 tuos:

447 3086 635 3141 Velata
672 3088 839 3142 Mosis
873 3108 962 3143 ora
996 3098 1204 3144 acutum
1239 3110 1456 3156 eernere,

516 3179 759 3234 Sermone
794 3181 863 3234 sit
898 3183 1126 3254 quamvis
1161 3182 1271 3235 rudi
1296 3186 1309 3234 ἔ

1881 274 1966 321 273
