2340 3796
810 295 1180 340 ARUNDINES
1225 296 1399 340 CAMI.

899 508 991 569 &11
1031 509 1303 577 mortem.

632 667 674 721 J
678 687 814 721 unns
847 667 1004 733 abire,
1040 687 1135 723 nee
1169 688 1361 734 recum,

635 761 997 832 Lacr-ymarum
1029 779 1143 814 rore
1176 762 1305 825 fuso,

639 852 721 906 Ob
756 851 931 923 culpas
964 853 1335 923 praeteritorum

630 944 670 996 J
672 944 942 998 uvenilium
977 963 1238 1010 annorum,

632 1035 719 1098 Et,
757 1036 808 1088 in
845 1038 995 1090 corde
1030 1038 1312 1107 poenitenti,

630 1128 879 1199 Tempore
912 1147 1005 1200 pro
1038 1130 1136 1182 hoe
1170 1131 1423 1201 praesenti.

630 1221 767 1289 Quin
801 1227 854 1274 et
889 1221 1095 1292 pallium
1130 1223 1318 1275 amoris

633 1312 866 1376 Induam‚
903 1332 1006 1384 quo
1039 1332 1248 1385 pergam
1283 1315 1436 1375 foris;

630 1405 780 1472 Quod
813 1406 979 1460 velare
1014 1425 1097 1459 me
1131 1406 1200 1460 sit
1234 1414 1427 1477 aptum,

633 1499 775 1552 Inter
808 1499 1003 1552 eoelites
1036 1507 1340 1571 correptum.

633 1591 719 1645 Sic
753 1593 1026 1646 succinctae
1060 1593 1266 1664 pietate,

632 1684 931 1738 Innocentia
962 1685 1151 1757 ligatae,

636 1777 744 1830 Iter
776 1777 965 1848 plantae
1000 1777 1343 1840 inchoabunt3

634 1869 709 1923 Et
742 1887 980 1940 suprema
1014 1870 1383 1935 exclamabunt,

633 1971 646 1992 ‘
670 1962 918 2016 Miserere
953 1963 1249 2034 peccatoris,

630 2055 773 2109 Deus
798 2056 837 2108 !'
883 2057 1035 2110 verba
1070 2056 1222 2126 hujus
1257 2058 1376 2111 oris,

987 2403 1103 2471 stt.
1145 2402 1224 2471 ὦ.

420 2534 726 2590 ΡΑΒνυιυε
761 2536 845 2591 hic
879 2538 1047 2592 infans
1080 2538 1220 2593 molli
1252 2541 1348 2593 sub
1383 2540 1573 2611 cespite
1607 2541 1824 2606 dormit;

491 2627 697 2682 Credita
729 2636 850 2683 sunt
884 2630 1045 2695 viridi,
1083 2650 1187 2684 non
1221 2632 1356 2696 data,
1394 2634 1621 2686 membra
1653 2634 1778 2689 solo.

421 2721 651 2775 Pulerior
683 2729 839 2780 exuta
872 2725 1084 2794 posthac
1120 2724 1297 2778 tellure
1330 2732 1578 2797 resurget,

488 2812 737 2884 Tempore
771 2816 862 2868 sed
897 2816 1033 2869 nullo
1068 2817 1255 2870 castior
1288 2836 1399 2871 esse
1433 2825 1620 2888 potest.

419 2904 589 2972 Quum
622 2911 796 2960 tamen
828 2908 1074 2963 attonitos
1108 2916 1309 2981 rumpet
1347 2909 1493 2963 Tuba
1526 2912 1706 2966 nuntia
1739 2915 1911 2979 coelos,

487 2997 527 3050 J
529 3005 782 3071 unotaque
816 3000 918 3054 sint
953 3001 1135 3055 animis
1170 3020 1287 3055 ossa
1321 3003 1496 3056 relicta
1530 3004 1651 3070 suiS,

419 3091 563 3145 Mille
597 3097 687 3145 tuo
722 3093 969 3163 optabunt
1003 3095 1159 3148 vitam
1195 3095 1393 3167 degisse
1428 3098 1521 3149 sub
1556 3104 1709 3163 astro,

490 3183 652 3255 Inque
685 3185 824 3238 brevi
859 3191 1029 3239 tecum
1064 3187 1335 3268 deperiisse
1369 3188 1466 3241 die.

1708 3285 1755 3318 H.
1802 3311 1809 3319 .
1835 3286 1883 3321 H.
