2262 3782
907 267 1275 312 ARUNDINES
1314 267 1489 312 CAMI.

655 467 874 521 Romam
908 466 1263 518 tacebo—non
1299 482 1395 535 ego
1432 466 1694 519 concinam

655 582 736 635 Ut
771 580 939 634 Roma
973 578 1169 643 victrix,
1206 584 1265 631 ut
1299 585 1451 649 caput
1486 581 1684 633 urbium

728 694 820 759 Te,
858 699 1038 746 sancta
1075 692 1324 756 Libertas
1362 693 1580 758 vidente,

796 806 872 860 Te
907 805 1146 859 meritum
1179 805 1490 876 lacrymante
1525 807 1702 872 fatum,

657 923 830 975 Instar
864 920 1111 974 columnae
1147 920 1396 990 proruerit
1431 921 1571 992 gravi

657 1034 890 1088 Stridens
924 1034 1087 1086 ruina.
1163 1032 1369 1086 Scilicet
1404 1034 1607 1087 horrida

727 1147 962 1201 Detrusit
998 1146 1332 1217 immanisque
1368 1149 1528 1217 pubes

799 1262 948 1327 Sede,
986 1262 1128 1315 ferox
1165 1260 1345 1314 Boreae
1382 1279 1622 1333 propage,

656 1376 804 1440 Cum,
842 1374 1080 1446 quicquid
1116 1373 1313 1445 ingenS,
1353 1374 1588 1445 quicquid
1623 1375 1836 1428 amabile

665 1490 854 1554 Staret,
891 1487 1077 1540 furenti
1113 1486 1303 1540 corruit
1338 1486 1545 1556 impetu,

731 1603 942 1675 Irasque
978 1603 1322 1673 clamoresque
1357 1608 1410 1654 et
1445 1601 1577 1653 inter

799 1717 1102 1771 Barbaricos
1137 1716 1322 1770 cecidit
1357 1715 1622 1769 tumultus,

1110 2191 1320 2251 ‘flaura

450 2348 540 2401 Ur
576 2316 796 2420 primum
834 2347 1056 2401 Lauram
1091 2347 1316 2418 adspexi,
1354 2347 1611 2418 perculsus
1646 2365 1887 2399 amore-—

519 2461 670 2530 Quod
703 2460 829 2514 rude
863 2460 1108 2527 sensisset
1143 2478 1381 2524 marmor,
1419 2466 1472 2512 et
1507 2460 1615 2531 ipse
1651 2461 1778 2521 tuli3

450 2574 632 2629 Gratia
664 2580 811 2628 tanta
845 2575 1004 2629 oculis
1039 2575 1219 2640 inerat,
1256 2574 1375 2627 licet
1410 2593 1496 2627 ore
1531 2581 1739 2637 taceret,

520 2689 689 2745 Causa
721 2691 849 2744 satis
882 2676 1119 2743 flammae·
1137 2690 1225 2743 lux
1261 2696 1371 2742 erat
1406 2689 1492 2741 illa
1525 2692 1685 2742 meae!

452 2803 556 2857 Sed
589 2822 708 2858 cum
741 2804 960 2858 mellitas
995 2821 1145 2857 voces
1180 2802 1382 2856 haurire
1417 2803 1647 2866 dabatur,

522 2914 597 2969 Et
631 2934 732 2987 quo
767 2917 989 2970 ducebat
1023 2917 1210 2970 blanda
1244 2916 1456 2987 loquela,
1495 2915 1672 2986 sequi;

452 3031 714 3099 Quantum
747 3030 921 3103 lingua
956 3031 1158 3085 oculum
1193 3039 1453 3102 superaret
1489 3050 1592 3084 non
1628 3033 1755 3084 bene
1792 3031 1907 3084 novi

524 3143 794 3198 Perditus:
845 3144 930 3198 hic
965 3150 1168 3198 tantum
1203 3144 1444 3209 vulnerat,
1483 3145 1568 3198 illa
1602 3152 1766 3198 necat.

1820 3245 1855 3278 F.
1886 3245 1945 3278 w.
