2340 3796
896 258 1265 305 ARUNDINES
1303 262 1477 307 CAMI.

1076 454 1283 527 Elegia.

425 609 713 663 Funnmus
748 609 970 663 insonuit
1005 610 1261 664 moriturae
1297 611 1463 665 naenia
1497 612 1639 678 luciS‚

495 709 730 781 Mugitus
763 708 990 780 sequitur
1023 727 1213 779 pascua
1246 710 1398 782 longa
1431 711 1618 774 boum3

382 872 386 877 .
422 806 531 861 Vix
564 808 693 879 pede
728 826 785 862 se
819 808 954 862 lasso
989 808 1147 862 trahit
1182 809 1250 862 ad
1285 828 1379 862 sua
1413 810 1586 864 limina
1620 818 1803 877 arator,

489 907 620 961 Cum
653 908 811 962 tacito
847 908 984 962 solus
1019 926 1224 979 vespere
1258 908 1457 980 linquor
1492 929 1604 983 ego,

418 1067 469 1119 N
469 1086 568 1121 unc
602 1067 775 1123 oculos
809 1068 940 1122 fallit
974 1069 1169 1140 species
1204 1070 1416 1124 evanida
1450 1090 1634 1137 rerum,

485 1166 560 1220 Et
594 1167 784 1239 passim
819 1168 975 1222 coelos
1010 1174 1225 1240 occupat
1259 1169 1364 1222 alta
1399 1170 1556 1241 quiesi,

416 1264 486 1318 Ni
519 1273 658 1320 rotat
690 1268 886 1340 argutis
920 1287 1072 1340 gyros
1107 1269 1194 1321 ubi
1230 1269 1503 1323 cantharus
1537 1271 1646 1335 alis,

487 1365 825 1440 Tinnitusque
859 1368 1003 1441 piger
1036 1388 1126 1440 per
1154 1371 1282 1442 juga
1316 1371 1451 1441 sopit
1486 1389 1620 1425 oves.

415 1528 484 1582 Ni
518 1529 650 1583 forte
684 1548 750 1583 ex
783 1531 970 1584 hedera
1003 1531 1181 1585 vicinae
1217 1532 1271 1584 in
1306 1531 1493 1585 vertice
1527 1532 1681 1585 turris

486 1629 689 1683 Noctua
722 1629 1000 1684 luctisonos
1035 1630 1257 1704 integret
1291 1651 1432 1704 aegra
1466 1633 1661 1697 modOS,

413 1729 471 1783 Si
506 1730 593 1802 qui
626 1731 858 1801 palantes
891 1731 1146 1787 latebrosa
1180 1732 1364 1786 cubilia
1398 1740 1603 1804 propter

482 1830 677 1884 Secreti
710 1831 951 1885 invadant
979 1832 1098 1902 jura
1132 1838 1336 1886 vetusta
1370 1833 1482 1887 loci.

413 1994 599 2048 Subter
632 1994 836 2049 nodosis
871 1995 1037 2062 ulmiS‚
1074 2001 1295 2069 taxoque
1338 1997 1575 2061 comanti,

482 2095 597 2164 Qua
629 2095 794 2166 putris
827 2102 1040 2168 aggesto
1077 2095 1269 2167 cespite
1303 2102 1439 2149 terra
1473 2101 1653 2160 tumet,

411 2195 625 2250 Gal-cere
660 2196 872 2268 quisque
907 2215 1016 2262 su0,
1052 2196 1172 2269 pagi
1206 2196 1346 2249 rudis
1381 2196 1545 2249 incola
1579 2196 1632 2248 in
1666 2215 1829 2265 aevum

479 2294 698 2360 Dormit,
735 2301 790 2348 et
823 2294 1075 2367 indigenae
1110 2295 1522 2349 contumulantur
1557 2295 1655 2349 avi.

410 2459 570 2512 Mane
602 2458 657 2511 in
691 2458 939 2512 odorifero
974 2457 1294 2530 peramabilis
1327 2476 1451 2511 aura
1489 2458 1701 2524 Favoni,

477 2557 604 2626 Quae
639 2557 703 2611 de
737 2557 1012 2611 straminea
1045 2558 1205 2629 garrit
1239 2557 1454 2612 hirundo
1490 2577 1624 2624 casa,

409 2657 678 2711 Vaticinus
711 2658 831 2731 galli
867 2657 1089 2730 clangor,
1127 2658 1341 2714 lituusve
1377 2659 1642 2724 resultans»,

475 2757 766 2812 Discutient
798 2759 1003 2812 humilis
1037 2760 1235 2813 somnia
1268 2760 1406 2814 nulla
1439 2761 1556 2814 tori.

406 2919 515 2974 Illis
547 2920 685 2974 haud
717 2920 902 2974 iterum
935 2922 1242 2976 refovebitur
1276 2922 1396 2994 igne
1430 2921 1674 2987 caminus»,

477 3019 736 3091 Sponsave
771 3020 907 3093 quod
940 3020 1155 3091 propriae
1191 3027 1271 3074 est
1305 3020 1480 3074 sedula
1514 3021 1675 3092 partis
1708 3027 1861 3092 aget:

404 3119 524 3174 Non
556 3119 705 3172 balbo
739 3119 906 3191 proles
939 3119 1224 3192 gratabitur
1257 3138 1343 3173 ore
1379 3119 1591 3189 parenti,

472 3219 653 3274 Ourret
686 3219 741 3272 in
774 3220 1050 3291 amplexuS,
1088 3220 1401 3291 praeripietve
1435 3237 1609 3291 genas,
