2340 3796
846 318 1214 362 ARUNDINES
1252 319 1428 363 CAMI.

876 602 1052 664 &tete
1095 603 1360 663 OEonssilin.

291 772 305 798 ‘
328 766 414 820 M1
454 766 685 832 Thoma,'
723 766 973 821 Ricardus
1008 767 1098 832 ait,
1136 768 1286 822 simul
1322 770 1504 822 anxius
1540 770 1657 834 oris,

291 880 306 903 ‘
322 851 580 927 Ancillam
615 872 753 927 venit
788 873 842 925 in
877 880 1102 927 mentem
1137 874 1263 927 mihi
1299 875 1481 929 ducere
1516 877 1744 931 herilem.

289 977 505 1046 Quando
539 978 696 1051 igitur
729 984 839 1031 tam
873 985 997 1031 nota
1030 979 1126 1033 tibi
1162 979 1231 1032 sit
1270 980 1444 1045 Lucia,
1483 981 1527 1034 si
1562 988 1620 1035 tu

289 1081 536 1148 SuaseriS,
572 1083 671 1138 hoc
705 1085 922 1147 faciam,
977 1085 1021 1138 si
1057 1104 1177 1150 non,
1214 1104 1322 1139 rem
1357 1106 1563 1158 prorsus
1599 1089 1850 1142 omittam.

287 1188 454 1243 Parce
490 1189 818 1254 cachinnari3
858 1210 1054 1263 nequeo
1088 1191 1350 1264 indulgere
1386 1194 1662 1260 cachinnis,

288 1294 434 1350 Seria
467 1314 599 1369 ago:
638 1316 794 1369 quare
830 1298 911 1351 dic
946 1298 1105 1352 libera
1139 1300 1308 1365 verba,
1346 1300 1549 1354 sodalis„

287 1400 510 1468 Nullam,
548 1421 614 1457 ex
649 1422 751 1476 quo
786 1405 920 1470 novi,
959 1406 1130 1459 detexi
1166 1406 1221 1458 in
1255 1406 1449 1479 virgine
1486 1407 1717 1478 culpam:

284 1508 428 1563 Ante
461 1517 636 1587 tamen
670 1511 865 1576 vellem,
903 1530 1058 1583 quam
1092 1530 1174 1565 res
1209 1511 1278 1566 sit
1313 1513 1466 1578 facta,
1504 1516 1734 1569 moneri?

359 1614 455 1670 Oui
493 1616 720 1671 Thomas
754 1617 888 1671 male
923 1618 1174 1672 salsus—‘
1192 1618 1273 1672 Ut
1309 1619 1479 1672 omnia
1514 1639 1632 1674 vera
1667 1623 1937 1690 recludam,

285 1722 440 1777 Nulla
474 1731 555 1778 est
589 1724 643 1777 in
677 1730 791 1778 toto
825 1731 934 1778 tam
969 1726 1120 1778 bruta
1156 1731 1208 1778 et
1245 1726 1450 1779 sordida
1485 1746 1643 1799 regno

284 1830 533 1893 Femina;
573 1831 696 1903 quin
731 1832 898 1897 credo,
936 1831 980 1885 si
1015 1839 1075 1885 tu
1110 1832 1263 1885 modo
1299 1840 1407 1886 tam
1443 1835 1573 1888 bene
1608 1854 1773 1900 norae,

268 1936 504 1990 Lictoris
539 1936 668 1990 caedi
703 1937 875 2009 virgiS,
914 1955 1067 2008 quam
1103 1938 1302 2003 ducere,
1339 1939 1533 1993 malles.

280 2041 499 2114 Aspera,
536 2043 618 2095 fur
652 2043 848 2109 eadem,
886 2043 1142 2110 deformis»,
1179 2046 1323 2116 pejor
1358 2046 1424 2098 ob
1458 2064 1636 2111 annos»,

282 2148 529 2214 Mendax,
567 2149 845 2215 immunda,
882 2158 936 2203 et
971 2151 1157 2204 stolida
1192 2157 1288 2216 est,
1327 2158 1381 2205 et
1417 2153 1622 2224 cognita
1657 2155 1814 2229 rixis?

355 2257 575 2310 Postera
609 2256 698 2310 lux
733 2257 923 2310 oritur:
965 2256 1217 2311 Ricardus
1252 2258 1393 2312 ducit
1427 2267 1683 2323 amatam;

282 2362 357 2416 Et
392 2364 618 2418 monitus
654 2364 868 2418 Thomae
902 2365 998 2417 sub
1034 2371 1185 2418 nocte
1221 2366 1447 2419 edixerat
1483 2372 1690 2422 omnes!

1679 2470 1721 2504 B.

782 2746 998 2807 Qnoerule
1036 2749 1215 2824 {flathe
1257 2751 1424 2825 ἳβαετ.

348 2910 588 2964 omnum
624 2930 776 2982 parve
812 2932 952 2984 puer,
989 2934 1147 2968 cornu
1183 2916 1309 2968 mihi
1346 2917 1544 2970 fortiter
1579 2917 1756 2970 infles:

418 3016 597 3071 Vacca
630 3020 816 3089 premit
850 3028 1066 3094 segetes,
1103 3029 1252 3093 prata
1285 3031 1510 3094 pererrat
1546 3025 1684 3078 ovis:

348 3122 452 3195 Pro
485 3123 677 3194 pudor!
717 3125 801 3179 hic
837 3128 1018 3181 modus
1053 3135 1134 3181 est
1169 3147 1286 3199 quo,
1323 3137 1513 3199 pastor,
1551 3130 1699 3184 ovilia
1734 3150 1896 3197 curas,

418 3230 524 3282 Sub
558 3230 696 3283 foeno
732 3232 954 3285 domitus
988 3235 1216 3286 membra
1251 3252 1431 3305 sopore
1466 3236 1639 3307 gravi?
