2340 3796
911 277 1278 324 ARUNDINES
1318 280 1451 324 CAM
1457 281 1491 324 Ι.

1078 522 1331 583 &emma

443 672 532 725 ΕΝ
556 675 706 726 !—-ea
740 690 841 744 qua
871 671 1006 725 foliis
1041 678 1146 725 stet
1182 678 1359 742 operta
1395 674 1684 728 recentibus
1718 676 1884 738 arbor,

465 777 468 780 ⁴
515 773 588 826 Et
620 779 856 845 properet
889 773 1124 845 gravidas
1159 791 1281 825 mox
1316 773 1509 842 aperire
1545 791 1758 826 rosas—

389 886 393 891 ·
445 874 581 928 Haee
615 874 908 944 praematuri
943 892 1100 944 prope
1135 873 1339 926 conscia
1374 892 1578 945 gemma
1613 874 1811 927 ruboris

518 973 940 1044 Intempestivum
974 979 1054 1026 est
1090 973 1312 1044 pandere
1348 973 1456 1026 visa
1494 981 1664 1043 caput.

446 1072 601 1126 Hane
636 1092 750 1146 ego,
787 1074 922 1127 sicut
957 1080 1084 1137 erat,
1122 1091 1323 1125 summo
1359 1073 1423 1124 de
1459 1078 1729 1125 stemmate
1765 1073 1908 1136 vulsi,

515 1173 741 1245 Jamque
776 1179 956 1244 patent
990 1180 1182 1226 tenerae
1218 1192 1331 1244 quae
1367 1173 1561 1225 latuere
1598 1190 1775 1224 comae.

446 1327 520 1381 Et
555 1327 756 1399 quoties
790 1327 964 1398 tepido
1000 1326 1155 1380 caluit
1191 1344 1308 1379 rosa
1342 1326 1538 1396 percita
1573 1326 1714 1389 flatu,

519 1427 754 1498 Purpura
787 1446 879 1498 per
914 1427 1102 1480 nitidas
1138 1427 1280 1479 fulsit
1317 1427 1497 1479 oborta
1531 1444 1723 1497 genas3

444 1525 530 1579 Ao
564 1526 720 1579 veluti
755 1526 975 1579 admotis
1010 1526 1149 1579 auris
1185 1526 1385 1579 caluere
1421 1525 1619 1589 favillae,

518 1625 728 1679 Afflatae
763 1626 872 1678 visa
907 1633 988 1678 est
1024 1626 1176 1697 ignea
1211 1626 1376 1678 forma
1412 1643 1558 1678 rosae.

449 1726 550 1780 Vis
583 1727 712 1780 adeo
747 1726 868 1779 solis
902 1726 1094 1779 faceret
1130 1726 1266 1796 quod
1301 1732 1354 1778 et
1389 1726 1472 1778 ala
1510 1724 1723 1788 Favoni,

521 1827 641 1881 Hoc
677 1827 828 1880 datur
862 1827 1048 1898 exiguo
1084 1826 1288 1879 flamine
1324 1844 1474 1896 posse
1511 1826 1652 1878 mihi.

450 1981 598 2035 Talia
632 1981 677 2035 si
711 1980 875 2053 possit
910 1979 1071 2034 nostri
1106 1986 1299 2032 temere
1334 1979 1524 2032 halitus
1560 1979 1677 2043 oriS‚

521 2082 668 2136 Idem
703 2082 824 2153 quid
857 2087 1034 2134 tenero
1069 2099 1173 2133 non
1209 2080 1263 2132 in
1298 2098 1470 2132 amore
1506 2081 1711 2149 potest?

450 2183 621 2236 Purus
655 2199 799 2234 amor
834 2181 1034 2253 quoties
1070 2180 1279 2234 citharae
1315 2199 1371 2233 se
1408 2181 1697 2233 commodet
1731 2179 1846 2242 arti,

522 2283 597 2336 Et
629 2289 819 2336 tremat
853 2281 1072 2334 assiduis
1111 2281 1292 2333 Flavia
1326 2287 1469 2342 mota
1504 2268 1723 2333 labris?

450 2383 599 2448 Cum,
635 2382 754 2436 tulit
789 2381 1052 2435 exanimes
1088 2381 1175 2452 qui
1212 2382 1307 2433 sub
1338 2381 1466 2452 juga
1502 2380 1673 2434 mollia
1708 2397 1954 2452 gemmas,

523 2483 757 2556 Virginis
791 2482 999 2536 invadat
1034 2481 1241 2553 spiritus
1276 2480 1359 2533 ille
1395 2481 1596 2533 sinum?

1768 2580 1801 2613 J.
1829 2579 1878 2613 H.

916 2787 1186 2864 OEempnta
1237 2796 1526 2847 mutantur.

599 2918 876 2970 PULCRAM
914 2925 967 2972 te
1003 2919 1134 2972 facie
1168 2925 1324 2990 atque
1360 2923 1532 2970 mente
1567 2915 1804 2967 amabam

599 3015 638 3068 J
641 3017 1070 3070 matus—fateor.
1146 3018 1282 3084 Quid
1318 3018 1476 3088 ergo?
1512 3018 1736 3066 mentem

602 3116 839 3181 Mutasti‚
876 3117 1176 3188 faciemque.
1251 3118 1446 3169 Amare
1483 3131 1632 3184 porro

602 3215 803 3287 Perjuri
838 3216 986 3281 foret,
1025 3217 1162 3269 haud
1197 3216 1338 3287 proci
1374 3214 1553 3268 fidelis.
